1997 3287
534 287 881 332 PRAEFATIO.
1372 294 1402 343 ’5

25 399 1406 449 W

28 437 788 452 —u-v—-a-——Gff‘m——fflss

368 505 1085 568 STUDIOSIS.)

554 655 846 673 ooo-0000

43 767 404 855 Setusssswnt
453 818 582 853 artem
608 809 808 853 omnibus
834 822 884 853 ex
912 810 1075 854 artibus
1101 810 1277 865 primam
1312 821 1406 852 esse

42 881 399 934 utilissimamque
427 894 550 923 nemo
579 881 690 922 certe
725 882 911 934 negabit.
950 883 1018 923 Ab
1043 880 1312 924 incunabulis
1336 880 1406 921 lit·

43 958 155 992 teras
172 949 430 991 balbutiente
445 961 550 991 voce
566 947 842 1001 proferimus,
859 961 1012 1001 easque
1030 961 1154 990 manu
1168 949 1407 1002 trepidante

43 1018 200 1061 chartae
219 1019 485 1061 mandamus.
510 1018 579 1061 Ab
605 1018 776 1060 homine
804 1019 957 1073 agresti
974 1019 1026 1060 ad
1048 1019 1242 1061 humanae
1265 1017 1404 1072 gentis

44 1089 348 1143 gubernatores
386 1100 551 1142 usque,
582 1089 700 1130 tantfi
733 1088 775 1131 in
810 1088 1031 1132 hominum
1066 1088 1172 1131 serie
1203 1088 1274 1131 vix
1305 1087 1404 1129 ullis

42 1158 230 1212 exceptis
258 1190 273 1209 ‚
320 1159 504 1212 quisque
554 1158 705 1201 litteris
752 1159 1011 1202 delineandis
1054 1171 1223 1212 operam
1271 1158 1405 1199 dedit.

42 1228 265 1271 Undenam
303 1229 406 1271 illud
437 1229 681 1272 universum
715 1229 841 1272 unius
879 1229 982 1272 artis
1012 1227 1236 1271 studium?
1274 1226 1407 1282 Quod

43 1298 193 1349 utilis,
240 1298 326 1340 imo
377 1299 631 1342 necessaria.
690 1299 795 1342 Non
839 1299 939 1342 voci
996 1300 1210 1354 scriptura
1260 1295 1411 1338 similis

44 1367 246 1410 cubiculo
275 1368 534 1421 includitur,
572 1370 644 1411 sed
667 1372 716 1411 ad
740 1378 945 1412 extremas
966 1379 1171 1413 terrarum
1197 1380 1291 1412 oras
1316 1378 1411 1421 per·

44 1438 249 1480 ambulat.
291 1436 422 1492 Quod
466 1439 626 1489 loquax
651 1439 852 1490 proderet
883 1452 1031 1480 servus
1070 1451 1294 1488 arcanum„
1325 1437 1410 1479 fida

47 1508 173 1549 celat.
208 1505 327 1547 Bona
361 1504 606 1554 distribuit,
644 1504 946 1556 possessiones
976 1517 1144 1554 servat,
1178 1505 1286 1546 locis
1325 1505 1411 1546 dis-

42 1585 183 1618 tantes
219 1575 378 1618 amicos
418 1572 562 1628 jungit
587 1603 600 1624 ‚
647 1585 874 1625 moresque
912 1571 1029 1615 feros
1064 1573 1242 1615 emollit.
1296 1572 1410 1616 Scri-

41 1646 170 1689 bendi
201 1657 267 1687 ars
307 1644 347 1685 ni
385 1644 662 1695 admittatur;
689 1652 818 1685 ruunt
846 1653 984 1697 artes,
1010 1654 1188 1698 atroque
1214 1645 1408 1687 condun-

46 1727 118 1761 tur
148 1717 335 1759 scientiae
368 1717 610 1758 involucro.
643 1715 789 1759 Unum
824 1727 962 1759 tamen
997 1717 1114 1759 deest
1136 1749 1151 1768 .,
1182 1717 1412 1759 neminem·

46 1799 128 1841 que
167 1786 385 1841 praeterit:
424 1786 633 1827 celeritas.
682 1786 803 1828 Voce
840 1786 874 1828 si
907 1800 991 1829 non
1027 1787 1190 1829 tardior
1225 1787 1410 1829 calamus

44 1854 184 1907 foret,
230 1856 321 1897 tum
367 1855 535 1898 demum
580 1855 793 1897 scribendi
832 1869 898 1898 ars
941 1856 1147 1899 altissimo
1183 1855 1413 1909 perfectio-

45 1925 112 1968 nis
139 1926 270 1979 gradu
293 1925 434 1967 innixa
474 1925 557 1966 dici
592 1925 743 1966 merito
770 1934 936 1977 posset.
965 1924 1011 1966 Id
1038 1926 1061 1964 a
1085 1925 1256 1965 dnobus
1282 1939 1414 1967 anno-

45 2007 139 2036 rum
183 1995 369 2037 millibus
401 1995 560 2036 Seneca
587 2025 601 2044 ‚
645 1993 854 2045 multique
889 2002 990 2045 post
1032 2002 1070 2034 et
1109 1992 1279 2045 quidem
1317 2003 1413 2037 ante

46 2064 154 2105 illud
196 2073 364 2116 tempus
396 2063 654 2105 intellexere.
706 2061 809 2104 Inde
849 2070 915 2103 tot
955 2062 1147 2115 tantique
1189 2073 1409 2117 conatus3

47 2143 140 2185 ast,
165 2133 302 2176 dicere
331 2147 415 2176 non
442 2147 617 2184 vereor,
653 2145 777 2174 nemo
811 2142 999 2185 optatam
1031 2132 1176 2174 retulit
1211 2134 1410 2187 palmam.

48 2204 185 2247 Tullii
223 2204 400 2246 Tironis
435 2205 661 2247 methodus
695 2204 732 2245 si
774 2203 986 2246 sufficiens
1014 2235 1028 2254 ‚
1076 2217 1162 2246 non
1205 2205 1354 2257 utique
1389 2205 1414 2247 ἐι

52 2274 209 2316 Seneca
238 2274 369 2315 multa
401 2274 619 2327 signorum
655 2273 785 2315 millia
816 2273 987 2315 inventa
1020 2271 1219 2315 fuissent.
1260 2275 1412 2316 Steno-

53 2345 221 2398 graphia
249 2345 539 2399 Taonriana,
569 2345 803 2387 litterarum
832 2352 1036 2386 contextu
1069 2352 1108 2387 et
1140 2344 1412 2397 simplicitate

53 2414 247 2457 laudibus
288 2414 537 2468 dignissima
567 2446 581 2465 ‚
619 2414 796 2457 maxima
836 2426 920 2456 non
963 2413 1043 2456 nisi
1077 2413 1201 2455 animi
1235 2424 1412 2456 conten·

53 2484 170 2525 tione
196 2485 376 2539 legitur,
406 2486 525 2539 quod
559 2484 644 2527 fere
671 2485 869 2527 omnibus
899 2493 1036 2526 careat
1060 2482 1299 2527 vocalibus.
1325 2483 1411 2527 Ta-

56 2552 324 2604 chygraphiae
367 2554 540 2606 syllabae
574 2554 683 2595 inter
722 2566 766 2595 se
807 2566 893 2595 non
933 2553 1147 2595 cohaerent
1174 2582 1189 2602 2
1230 2552 1411 2606 ideoque

58 2619 202 2665 minus
236 2620 389 2677 velox3
426 2624 626 2669 caetertnn
665 2624 780 2667 lectu
809 2622 964 2667 faciliS.
1002 2623 1119 2680 Quid
1152 2623 1204 2665 de
1243 2632 1413 2674 caetera-2
