1904 3220
547 250 806 280 RXACTA.
1315 253 1366 296 15

76 347 221 390 Lineae
250 340 615 399 perpendiculares
660 340 690 381 P
720 347 760 385 et
793 338 825 379 B
864 337 1091 381 referentes
1131 352 1367 393 quamcun-

18 433 101 474 que
133 417 419 473 positionem,
442 412 509 454 vel
538 411 737 454 initialem
772 411 837 453 vel
863 411 1113 454 mediantem
1142 413 1363 466 obtinent3

16 490 134 545 quod
169 487 307 530 videre
338 491 400 525 est
429 481 472 525 in
505 483 806 537 paradigmate.
841 482 952 526 Tab.
988 499 1029 526 2.

72 617 103 659 P
126 625 164 658 et
183 602 216 656 B
242 613 422 656 initiales
447 610 663 664 nunquam
690 611 940 664 segregatim
960 643 974 663 ‚
1003 612 1068 653 vel
1098 613 1367 656 solummodo

18 688 168 732 litteris
190 702 209 730 o
225 717 240 738 ‚
262 702 289 728 u
305 716 320 737 9
346 697 392 727 on
407 716 420 737 ‚
440 699 495 727 cm
515 683 676 738 junctae
700 684 804 737 poni
827 693 1028 737 possunt.
1058 682 1169 727 Vide
1194 684 1305 731 Tab.
1328 700 1367 728 1.

20 760 109 803 N.⁰
145 768 211 809 17.
238 756 298 809 B,
327 757 373 800 bo
395 786 410 809 ‚
437 756 522 807 hu,
557 755 663 808 bon,
693 756 773 797 ban
795 786 810 808 ‚
842 756 924 799 bot.

72 883 316 936 Paradigma
341 892 587 925 contextum
614 882 804 924 continet
830 882 1020 925 binarum
1041 883 1292 927 litterarum.
1310 883 1375 926 Ut

21 956 261 999 inveniatur
293 955 468 995 duarum
503 963 699 995 notarum
730 953 840 994 inter
876 966 922 994 se
954 955 1244 1007 compositio,
1272 965 1375 997 nota

20 1027 137 1081 prior
167 1034 381 1078 quaeratur
409 1023 451 1065 in
485 1023 620 1077 prima
653 1023 761 1064 linea
795 1025 1140 1077 perpendiculari
1173 1025 1221 1068 ad
1251 1025 1378 1067 sinis-

20 1107 159 1144 tra1n;
194 1096 322 1137 altera
348 1094 449 1136 vero
477 1094 519 1136 in
547 1094 656 1136 line-51
681 1093 941 1136 horizontali
966 1095 1263 1148 paradigmatis
1290 1108 1382 1138 ver-

19 1168 144 1210 ticem
174 1174 376 1208 tenente:
415 1176 504 1206 tum
537 1165 587 1207 ab
622 1166 687 1207 his
719 1164 834 1206 notis
867 1165 959 1207 duae
991 1166 1110 1207 lineae
1130 1197 1144 1216 9
1177 1166 1381 1208 horizon-

24 1237 119 1279 talis
155 1236 304 1292 nempe
358 1244 398 1276 et
441 1234 801 1289 perpendicularis
837 1266 852 1287 ‚
893 1244 1031 1276 mente
1072 1237 1210 1277 ductae
1237 1266 1251 1287 ‚
1287 1247 1381 1277 sese

23 1305 204 1348 invicem
246 1313 390 1346 secant
440 1304 482 1345 in
527 1305 816 1349 loculamento
845 1335 859 1356 .,
902 1305 1095 1347 binarum
1142 1305 1382 1348 litterarum

26 1377 332 1420 connexionem
361 1384 549 1429 optatam
592 1377 852 1422 includente.

80 1502 186 1545 Non
220 1511 366 1541 omnes
392 1498 586 1540 binarum
614 1507 809 1540 notarum
839 1502 1126 1543 connexiones
1158 1503 1385 1555 possibiles

25 1572 218 1616 continet
243 1570 515 1625 paradigma3
546 1569 620 1610 sed
645 1570 918 1612 solummodo
942 1571 1196 1623 praecipuas.
1222 1572 1289 1614 Ex
1315 1574 1386 1615 lit·

26 1640 129 1682 teris
164 1641 308 1681 eodem
354 1638 534 1691 prorsuS
569 1638 697 1680 modo
745 1638 939 1681 formatis
964 1670 978 1691 ‚
1014 1648 1054 1681 et
1089 1641 1254 1682 tantum
1284 1654 1385 1694 pro-

24 1712 221 1771 portione
236 1711 303 1753 vel
318 1711 471 1753 lineola
493 1710 733 1763 distinctis⁹
757 1711 911 1754 sufficit
928 1712 1029 1764 uni,
1046 1726 1132 1756 non
1159 1714 1385 1767 pluribus,

27 1783 108 1825 hac
142 1783 184 1826 in
219 1783 362 1826 tabula
396 1783 536 1825 locum
578 1795 686 1824 esse.
724 1782 845 1827 Sicut
880 1783 989 1826 enim
1024 1784 1192 1838 signum
1228 1787 1258 1828 S
1283 1798 1383 1829 cum

27 1853 119 1897 aliis
148 1853 263 1896 notis
289 1853 592 1908 componitur,
626 1853 684 1896 ita
706 1854 1015 1910 Jmediantem
1042 1858 1383 1909 componendam

28 1938 120 1968 esse
154 1925 338 1979 quisque
369 1924 500 1968 videt.

86 2038 132 2080 In
162 2037 429 2079 connexione
456 2036 632 2079 duarum
651 2068 664 2089 ,
696 2036 820 2079 trium
850 2037 917 2079 vel
946 2037 1128 2092 plurium
1154 2047 1379 2091 notarum,

30 2111 205 2153 vocales
234 2109 425 2163 quaedam
439 2111 549 2163 saepe
575 2110 912 2152 consonantibus
937 2114 1186 2162 coalescunt3
1218 2112 1275 2153 ita
1306 2121 1381 2164 ut,

35 2180 277 2232 quanquam
290 2179 416 2220 rudes
438 2178 722 2221 oculifrustra
740 2193 850 2234 saepe
863 2181 1039 2234 primam
1061 2182 1270 2224 vocalium
1296 2182 1385 2223 for-

35 2262 145 2292 mam
173 2249 519 2301 investigaverint
537 2281 552 2302 ,
580 2252 891 2304 stenographus
921 2260 1059 2293 tamen
1091 2252 1308 2305 nunquam
1341 2250 1387 2293 in

39 2331 221 2361 errorem
257 2319 356 2361 duci
394 2319 548 2374 possit.
585 2320 653 2362 Ad
696 2323 803 2364 hanc
843 2322 1027 2376 regulam
1064 2323 1287 2377 diligenter
1319 2325 1384 2367 in-

37 2392 351 2445 :umbendum3
380 2393 496 2446 quod
528 2393 624 2435 inde
658 2394 966 2448 stenographiae
1001 2396 1135 2436 multo
1163 2397 1297 2452 major
1317 2410 1386 2439 ac-

41 2461 152 2502 cedit
182 2463 389 2506 celeritas,
432 2463 544 2507 Tab.
578 2478 614 2507 1.
647 2464 736 2508 N.⁰
772 2470 838 2508 18.
873 2467 958 2510 Pas
983 2496 997 2518 ,
1020 2466 1092 2521 fas
1111 2498 1126 2518 ‚
1153 2477 1216 2511 tas
1237 2500 1252 2520 .,
1283 2471 1343 2512 las
1363 2500 1381 2522 ‚

44 2546 110 2575 cas
134 2562 148 2584 ‚
181 2537 215 2576 si
234 2567 247 2586 ‚
275 2538 337 2579 nis
353 2567 367 2588 ‚
384 2547 468 2593 pac
484 2567 497 2591 ,
514 2539 587 2594 pic
608 2568 622 2592 ,
643 2547 730 2594 puc
745 2569 760 2593 ,
784 2553 847 2583 sas
867 2567 883 2592 2
916 2540 970 2583 sis
995 2568 1011 2592 ,
1034 2552 1099 2583 sus
1119 2569 1135 2592 ,
1158 2537 1260 2594 sad,
1284 2540 1351 2585 sid
1367 2572 1384 2595 .,

41 2601 148 2657 sud,
175 2606 300 2650 aetatis
325 2636 340 2659 ,
374 2615 457 2651 etc.
