1904 3220
590 284 850 325 EXACTA.
1369 287 1454 341 αι-

124 388 229 433 Haec
251 387 370 442 signa
395 394 516 430 erunt
544 386 771 430 admodum
796 385 974 440 exigua,
1001 393 1043 428 et·
1065 385 1177 442 infra
1201 383 1427 439 scripturae

68 458 218 503 lineam
248 458 437 514 proxime
452 468 544 514 post
571 457 745 499 verbum
772 466 1001 510 ponentur.

121 583 514 638 Interpuuctionem
541 581 660 636 parvi
692 580 866 635 pendit,
895 594 972 624 nee
1003 582 1088 625 fere
1122 582 1308 636 unquzim
1339 592 1427 623 ser-

67 665 139 698 vat
171 655 515 709 Stenographus:
541 653 745 708 deinceps
773 653 872 696 verb
900 653 1008 696 inter
1035 656 1258 709 legendum
1281 652 1421 697 otiose

70 726 232 782 adjicit.

121 851 245 895 Loco
271 854 453 907 puncti,
486 853 669 908 spatium
695 854 822 908 paule>
849 852 1012 908 minus,
1041 853 1207 909 phrasis
1230 851 1428 896 ultimum

63 923 237 965 verbum
262 924 370 965 inter
398 934 438 965 et
467 924 650 976 primum
675 925 922 976 sequentis,
955 924 1042 965 dari
1071 934 1234 977 potest.

117 1047 349 1103 Sequentia
376 1048 495 1102 signa
515 1051 558 1092 in
583 1048 806 1102 scripturae
832 1048 941 1092 linea
968 1058 1216 1104 ponuntur:

121 1188 159 1216 1.
177 1179 203 1204 0
248 1175 422 1230 Signum
454 1189 726 1230 personatu-m
752 1177 1020 1230 loquentium
1042 1176 1157 1219 vices
1183 1176 1292 1219 indi-

66 1259 199 1301 cans,
234 1248 350 1301 quod
388 1257 715 1302 repraesentatur
747 1249 887 1302 signo.
934 1278 945 1289 .
1008 1277 1020 1289 .
1083 1277 1095 1288 .
1158 1277 1168 1288 .
1231 1275 1244 1289 .
1307 1275 1318 1288 .

1374 1256 1427 1279 ll

121 1376 210 1417 9..0
252 1375 442 1428 Virgulae
483 1376 688 1418 citatoriae
730 1375 915 1430 (gallice
953 1375 1229 1433 guillemets).
1289 1404 1302 1417 .
1380 1377 1424 1423 ))

124 1502 206 1554 3.0
253 1502 340 1545 Hoc
379 1512 465 1552 est,
498 1502 677 1552 scilicet,
718 1505 881 1556 nempe,
917 1510 999 1542 etc.
1065 1530 1077 1541 .
1139 1529 1159 1541 .-
1214 1529 1226 1541 .
1288 1530 1301 1542 .
1379 1517 1433 1555 ὅ

115 1640 177 1681 4·.
197 1627 223 1653 0
259 1627 449 1682 Exempli
475 1625 650 1680 gratid,
686 1624 799 1666 verbi
831 1625 979 1677 causei,
1011 1634 1094 1666 etc.
1129 1651 1142 1664 .
1204 1652 1216 1665 .
1280 1653 1292 1665 .
1377 1641 1425 1677 a

122 1763 166 1808 5.
186 1752 212 1779 0
254 1750 315 1794 Et
345 1760 488 1792 caetera
493 1778 1317 1793 ............
1391 1769 1428 1787 ο·

122 1877 211 1921 6.0
250 1875 377 1930 Signa
416 1875 680 1929 parenthesis
715 1876 861 1918 eodem
902 1876 1030 1917 modo
1067 1889 1113 1917 ae
1149 1875 1191 1917 in
1221 1875 1434 1929 scriptura

67 1947 610 2001 usualirepraesententur:
641 1946 725 1987 sint
751 1957 887 1988 autem
912 1946 1041 2001 paulb
1060 1945 1220 2001 majora
1240 1947 1354 1988 notis
1368 1946 1438 1991 SC

67 2019 271 2062 initialem
294 2049 308 2069 ‚
347 2026 388 2057 et
410 2016 451 2071 Q
474 2046 488 2067 ,
516 2014 860 2069 depingentibus.

123 2144 229 2186 Haec
264 2142 383 2197 prior
412 2140 610 2195 opusculi
641 2154 762 2195 pars,
804 2143 854 2187 ab
888 2143 1056 2188 obtusis
1088 2142 1258 2197 quidem
1288 2140 1439 2184 animis

67 2216 232 2269 aliquot
259 2215 418 2256 dierum
451 2212 589 2266 spatio
619 2212 854 2267 capienda3
884 2217 918 2257 si
954 2213 1176 2257 indefessae
1199 2213 1347 2266 juncta
1377 2212 1435 2253 sit

67 2285 358 2329 exercitationi
402 2283 629 2337 manuique
667 2284 833 2338 veloci‚
886 2296 984 2340 post
1024 2297 1188 2327 menses
1223 2283 1434 2335 quosdam

69 2355 302 2411 perfectum
331 2355 669 2408 Stenographum
698 2354 857 2398 efficere
888 2365 1048 2410 potest.
1087 2354 1190 2396 Pars
1222 2363 1433 2404 sequens,

71 2426 202 2468 levem
247 2428 538 2480 grammatices
573 2425 790 2472 notionem
824 2429 1044 2483 requirens
1071 2456 1086 2481 ,
1125 2425 1178 2468 ad
1224 2433 1438 2468 summum

73 2495 191 2541 ducit
216 2495 442 2540 celeritatis
467 2495 659 2551 gradum.
