1904 3220
511 293 587 335 34⁷
977 282 1458 326 STENOGRAPHIA

508 381 627 435 sita,
669 390 1025 436 repraesentantur
1059 390 1106 423 ut
1151 382 1387 437 adjectiva3
1435 391 1538 424 tunc
1570 381 1674 425 vero
1718 383 1862 438 adjici-

511 461 581 496 tur
613 451 779 504 signum
808 451 1106 495 adverbiorum
1139 452 1326 506 generale
1356 483 1372 506 ‚
1405 451 1515 495 linea
1551 451 1713 496 scilicet
1747 452 1863 496 hori-

509 521 710 562 zontalis.

740 651 848 695 DE
904 651 1616 697 REPETITIONE.

558 781 662 826 Duo
686 784 988 837 repetitionum
1018 794 1169 838 genera
1198 782 1269 825 hic
1301 782 1609 828 admittuntur:

565 909 604 937 1.
624 896 650 922 0
683 894 903 950 Repetitio
931 895 1240 938 vocabulorum
1276 894 1342 937 vel
1373 894 1592 948 phrasium
1628 906 1721 938 sese
1755 896 1864 941 invi-

506 966 628 1018 cem,
669 967 789 1009 nullo
819 965 902 1008 alio
930 965 1237 1009 interveniente
1262 965 1507 1020 vocabulo,
1546 967 1857 1023 sequentium3

509 1047 605 1089 quae
627 1039 819 1093 proxima
850 1046 1047 1078 vocatur.
1483 1051 1485 1053 ·

560 1147 766 1191 Excitate
786 1177 801 1198 ,
833 1149 1008 1190 excitate
1044 1160 1132 1190 eum
1154 1175 1169 1199 2
1193 1149 1230 1190 si
1247 1147 1412 1202 potestis
1429 1176 1444 1198 ,
1473 1148 1528 1191 ab
1560 1147 1724 1204 inftris.

559 1257 676 1305 Num
701 1260 955 1304 Christianus
992 1274 1031 1304 es
1051 1259 1074 1302 Ρ
1109 1261 1206 1304 Sum
1233 1260 1506 1303 Christianus.

565 1383 606 1412 ε.
629 1370 654 1396 0
687 1370 909 1426 Repetitio
933 1371 1242 1414 vocabulorum
1265 1401 1280 1421 ‚
1311 1382 1406 1423 quae
1432 1370 1602 1424 semper
1614 1371 1864 1429 vocabulo,

506 1443 559 1486 ad
601 1443 718 1495 quod
754 1442 998 1484 referuntur
1035 1452 1077 1482 et
1123 1442 1242 1494 quod
1282 1442 1396 1495 saepe
1433 1451 1587 1496 regunt
1615 1472 1631 1496 ‚
1669 1455 1865 1500 separan-

507 1523 618 1565 tt1r3
655 1513 746 1555 haec
783 1513 902 1556 audit
932 1513 1121 1555 relativa.

560 1628 655 1671 Sint
687 1625 898 1668 incolumes
925 1653 939 1676 ,
977 1626 1060 1667 sint
1083 1623 1274 1678 florentes
1297 1653 1313 1675 ‚
1346 1627 1430 1667 sint
1457 1624 1585 1668 beati.

560 1738 655 1798 Qui
682 1745 867 1780 tractant
904 1738 983 1779 ista
1011 1766 1026 1788 ‚
1070 1737 1143 1792 qui
1184 1745 1355 1792 tergunt
1375 1765 1391 1788 ,
1432 1738 1507 1792 qui
1554 1747 1716 1793 ungunt
1746 1768 1763 1792 ,
1795 1741 1867 1796 qui

506 1819 670 1853 verrant
696 1839 711 1861 ,
749 1809 821 1865 qui
849 1816 1066 1864 spargunt.

561 1919 783 1975 Repetitio
818 1917 1011 1972 proxima
1047 1917 1249 1959 vocabuli
1284 1917 1530 1973 designatur
1567 1929 1746 1962 accentu
1786 1920 1868 1965 cir-

509 1990 718 2032 cumflexo
738 2020 753 2042 ,
779 1997 879 2043 post
909 1987 1168 2031 vocabulum
1194 1990 1498 2044 repetendum,
1527 1999 1569 2033 et
1595 1991 1706 2035 infra
1733 1993 1868 2048 scrip-

510 2072 617 2104 turae
646 2061 797 2104 lineam
823 2060 987 2116 posito.

520 2183 522 2186 '
563 2173 763 2218 Excitate
885 2186 973 2216 eum
996 2201 1012 2224 ,
1049 2173 1085 2215 si
1105 2174 1271 2227 potestt’s
1297 2202 1312 2225 ,
1349 2173 1403 2216 ab
1433 2173 1594 2228 inferit.

793 2210 822 2256 A

561 2284 781 2339 Repetitio
827 2283 1020 2338 proxima
1061 2281 1228 2337 phrasis
1259 2313 1273 2336 ‚
1311 2284 1379 2326 vel
1421 2283 1648 2338 responsio
1692 2285 1868 2331 affirma-

509 2355 598 2398 tiva
647 2356 698 2398 ad
745 2354 1027 2408 quaestionem
1071 2352 1321 2407 exprimitur
1367 2365 1544 2397 accentu
1595 2355 1866 2402 circumflexo

510 2426 681 2467 inverso
696 2456 709 2477 ‚
726 2426 877 2468 rursits
899 2434 999 2479 post
1015 2423 1272 2467 vocabulum
1299 2424 1486 2479 phrasim
1505 2425 1570 2467 vel
1582 2426 1863 2479 quaestionem

512 2496 742 2539 terminans
765 2527 779 2548 ‚
813 2505 853 2538 et
893 2495 1002 2538 infra
1045 2491 1268 2548 seripturae
1296 2494 1446 2540 lineam
1478 2495 1643 2551 posito.

569 2605 684 2654 Nam
722 2609 977 2654 Christianus
1006 2622 1043 2652 es
1061 2607 1084 2650 Ρ

1113 2671 1154 2727 V
