1904 3220
484 259 536 301 28
955 259 1439 304 STENooRAPmA

483 356 727 400 nullatenus
763 358 813 401 ad
846 358 1039 401 diversos
1073 369 1316 414 temporum
1352 358 1489 402 exitus
1526 357 1772 401 attenditur.
1798 355 1848 402 In

482 425 653 468 usitatis
685 427 840 480 linguis
877 428 1105 470 verborum
1141 428 1270 471 series
1297 429 1414 471 rudis
1449 436 1512 469 est
1535 441 1582 469 ac
1605 427 1851 482 implicata}

482 509 568 539 non
603 497 710 539 enim
743 500 906 541 ratione
927 530 940 550 ‚
973 500 1046 541 sed
1072 512 1190 542 more
1225 500 1483 554 populorum
1523 511 1638 541 caeco
1669 497 1851 549 nititur,

482 576 525 608 et
565 567 692 609 variis
735 569 1002 623 temporibus
1053 569 1249 623 locisque
1288 569 1402 612 varia
1446 578 1548 610 est:
1601 567 1735 621 igitur
1775 578 1859 620 pro

482 637 637 679 Verbis
659 640 921 693 regularibus
952 651 993 683 et
1021 640 1351 696 irregularibus,
1372 639 1522 682 iisdem
1551 638 1757 680 utendum
1786 644 1852 677 est

483 718 634 760 slgnis.

484 829 565 874 DE
584 831 1399 890 SUssSTANTIVlS‚ADJECT[VIS
1413 831 1496 875 ET
1510 830 1849 875 ADVERBHS.

535 943 894 999 Quotiescunque
930 945 1246 989 substantivum
1267 976 1280 997 ,
1306 944 1593 999 adjectivum,
1617 944 1685 986 vel
1704 943 1853 987 adver-

479 1012 597 1055 bium
636 1015 686 1056 ab
722 1016 803 1057 alio
838 1017 1066 1058 deducitur
1092 1048 1106 1068 ‚
1157 1016 1275 1057 radix
1315 1013 1596 1056 solummodo
1626 1013 1851 1056 scribenda

478 1092 575 1136 est3
613 1084 707 1126 dein
746 1086 909 1140 adjecta
936 1086 1056 1140 signa
1088 1098 1226 1129 veram
1253 1084 1440 1138 speciem
1472 1082 1851 1137 significationem·

479 1165 562 1207 que
592 1155 791 1196 vocabuli
819 1156 985 1209 legendi
1016 1156 1257 1211 designant.

530 1263 689 1307 Eadem
723 1266 843 1320 signa
878 1268 1161 1311 substantivis
1190 1277 1231 1309 et
1257 1266 1479 1323 adjectivis
1508 1273 1633 1308 erunt
1659 1275 1853 1306 commu·

478 1334 579 1387 nia;
619 1336 737 1389 signa
767 1337 869 1379 vero
901 1338 1271 1382 substantivorum
1302 1338 1449 1394 infra,
1476 1346 1517 1379 et
1542 1334 1854 1390 adjectivorum

473 1417 596 1462 supra
619 1405 780 1448 radices
816 1409 1083 1450 scribuntur.

530 1516 706 1571 Signum
741 1519 959 1570 generale,
996 1517 1191 1561 indicans
1228 1518 1548 1561 substantivum
1581 1517 1647 1560 vel
1670 1517 1744 1560 ad-

469 1588 676 1643 jectivum
711 1589 932 1640 quodlibet
959 1590 981 1630 a
1007 1590 1146 1631 radice
1186 1590 1347 1644 scripta
1382 1592 1645 1643 deductum,
1671 1602 1740 1632 ex-

472 1657 677 1713 primitur
716 1658 825 1698 linessl
864 1658 1056 1701 verticali
1115 1687 1734 1701 .........
1835 1659 1848 1703 Ι

528 1770 573 1812 Si
597 1770 868 1812 scribendum
893 1770 948 1812 sit
966 1773 1128 1826 pietas,
1156 1782 1387 1828 paternus,
1415 1769 1630 1812 scribatur
1643 1773 1746 1827 pie,

462 1852 612 1898 pater,
641 1841 952 1896 adjiciaturque
996 1843 1192 1896 signum,
1233 1854 1282 1885 ut
1312 1843 1425 1885 Tab.
1447 1857 1492 1895 4.
1518 1841 1624 1884 N.0
1663 1854 1735 1884 21.

531 1967 708 2021 Signum
748 1968 833 2010 hoc
878 1967 1079 2010 omnibus
1118 1967 1402 2011 substantivis
1435 1978 1476 2009 et
1513 1966 1738 2022 adjectivis

472 2037 678 2080 inservire
713 2046 874 2090 potest.
915 2036 1082 2089 Saepius
1116 2048 1254 2080 autem
1300 2037 1473 2091 expedit
1511 2037 1746 2079 substanti-

404 2115 407 2117 ’
473 2120 627 2150 vorum
663 2116 703 2147 et
738 2106 1048 2161 adjectivorum
1079 2110 1215 2150 exitus
1246 2109 1432 2151 indicare
1454 2140 1467 2161 ,
1500 2108 1742 2162 praesert'lm

473 2180 514 2222 si
546 2179 669 2234 plura
705 2179 971 2221 deducantur
1005 2180 1055 2221 ab
1088 2181 1230 2221 eadem
1262 2179 1421 2221 radice.

533 2305 571 2333 1.
591 2291 618 2317 0
656 2290 988 2333 Substantivain
1018 2295 1073 2336 tio
1090 2323 1104 2344 ‚
1130 2295 1212 2336 atio
1229 2323 1242 2343 ‚
1278 2295 1350 2335 itio
1380 2300 1420 2333 et
1447 2290 1657 2333 similibus
1676 2290 1746 2333 de-

476 2361 688 2413 sinentia,
719 2361 971 2415 plerumque
998 2363 1019 2403 a
1048 2362 1188 2404 verbis
1223 2362 1435 2413 deducta.,
1463 2371 1502 2402 et
1531 2362 1744 2404 actionem

472 2434 608 2476 verbo
635 2445 874 2486 expressam
899 2433 1206 2486 significantia:
1227 2433 1324 2475 item
1343 2433 1550 2487 adjectiva
1572 2432 1612 2474 in
1630 2436 1715 2476 irus
1731 2464 1746 2486 ,

474 2519 533 2555 a,
560 2518 658 2554 um,
698 2504 721 2545 a
761 2503 902 2545 verbis
940 2505 1113 2558 quoque
1150 2503 1483 2559 provenientia,
1520 2515 1752 2558 repraesen-

478 2582 625 2623 tantur
660 2573 745 2620 hoc
783 2573 911 2630 signo
972 2601 1739 2619 ...........
1802 2582 1855 2622 κ
