1904 3220
450 249 503 291 26
909 247 1398 293 STENOGRAPHIA

503 343 680 399 Signum
709 343 960 400 participii,
999 344 1111 390 infra
1137 348 1367 392 secundam
1397 346 1637 403 imperativi
1669 359 1818 403 perso·

454 427 551 458 nam
578 416 831 469 singularem
858 414 1049 470 positum
1065 447 1079 468 ‚
1106 417 1332 473 participia
1356 418 1489 461 Verbi
1510 417 1661 472 scripti
1684 417 1817 462 deno·

447 492 535 537 tat,
559 499 645 527 non
674 487 777 529 vero
805 486 1078 541 praesentiam
1099 487 1234 531 Verbi
1266 504 1369 533 sum.
1394 488 1506 533 Tab.
1535 504 1580 544 4.
1605 489 1667 532 N.
1686 489 1714 516 0
1747 503 1815 544 14.

445 555 678 600 Amandus.

504 682 554 726 In
589 685 855 740 temporibus
887 687 1143 743 compositis
1175 687 1376 732 infinitivi
1408 688 1651 732 Verborum
1683 686 1819 742 passi-

449 766 633 807 vorum,
666 757 891 811 participia
923 759 1141 812 praeterita
1171 768 1212 802 et
1244 758 1392 801 futura
1423 768 1525 802 sunt
1550 757 1746 801 accurate
1767 756 1819 799 ab

449 821 634 868 invicem
677 826 997 881 distinguenda.
1662 842 1666 846 ’

502 961 606 1005 Dixi
635 974 759 1007 notas
784 964 976 1008 Verbum
993 981 1079 1010 sum
1114 966 1397 1022 exprimentes
1422 964 1533 1010 infra
1559 964 1819 1010 vocabulum

451 1033 645 1086 proxime
661 1037 904 1088 praecedens
918 1049 1010 1079 esse
1024 1039 1273 1090 ponendas:
1290 1038 1440 1080 sivero
1457 1037 1621 1080 nullum
1635 1035 1823 1078 vocabu·
1882 1035 1885 1037 ’

449 1102 537 1145 lum
571 1107 814 1160 praecedat,
848 1106 1103 1162 simpliciter
1135 1107 1245 1151 infra
1273 1107 1498 1162 scripturae
1529 1105 1681 1149 lineam
1712 1103 1820 1158 poni

447 1185 652 1227 possunt.

509 1314 703 1359 Verbum
739 1332 824 1361 sum
848 1348 864 1370 ‚
911 1317 1100 1373 phrasim
1139 1319 1351 1374 incipiens
1382 1348 1397 1370 ‚
1430 1315 1609 1372 exprimi
1644 1313 1820 1369 quoque

454 1395 599 1441 potest
639 1398 686 1430 ut
726 1388 769 1432 in
805 1390 950 1443 lingua
978 1391 1144 1443 gallica.
1187 1391 1362 1432 Scilicet
1393 1399 1638 1431 consonans
1669 1386 1826 1428 Steno-

450 1457 651 1510 graphica
677 1459 723 1513 J
753 1459 949 1512 exprimit
971 1459 1148 1512 primam
1166 1470 1418 1513 personam;
1455 1457 1521 1510 T,
1555 1455 1817 1508 secundam,

448 1535 491 1567 et
512 1524 556 1566 L
571 1557 586 1579 ‚
610 1527 773 1570 tertiam
800 1541 1026 1581 personam
1054 1528 1220 1571 numeri
1244 1527 1498 1582 singularis:
1519 1529 1590 1578 N,
1612 1526 1819 1581 primam3

448 1597 481 1640 F
497 1630 512 1649 ‚
526 1599 755 1640 secundam
770 1629 784 1649 ‚
801 1606 841 1639 et
853 1598 881 1639 S
897 1629 910 1649 ‚
928 1589 1091 1641 tertiam
1110 1611 1333 1652 personam
1355 1600 1518 1640 numeri
1531 1596 1708 1652 pluralis
1725 1597 1818 1652 (θ’).

456 1668 589 1710 Notae
617 1669 770 1709 modos
793 1677 836 1709 et
862 1678 1055 1722 tempora
1081 1669 1320 1711 indicantes
1345 1668 1455 1710 infra
1486 1670 1577 1709 haec
1602 1667 1722 1720 signa
1744 1680 1822 1721 po-

454 1748 631 1780 nuntur.
667 1738 779 1780 Tab.
816 1752 860 1790 4.
894 1738 1002 1781 N.0
1045 1752 1110 1794 15.
1145 1741 1274 1792 Sum,
1307 1754 1373 1792 es,
1395 1748 1485 1791 est,
1510 1752 1673 1791 sumus,
1693 1740 1820 1790 estis,

451 1822 547 1855 sunt
563 1842 578 1864 ,
602 1826 711 1854 eram
728 1842 743 1864 ,
767 1820 854 1854 etc.

508 1945 551 1986 Si
581 1944 836 1999 pronomina
860 1945 1036 2001 legenda
1059 1945 1175 2000 sint,
1197 1944 1358 2000 integre
1381 1943 1819 1997 scribantur-Tab.4.

451 2013 513 2056 N.
533 2014 559 2040 0
599 2029 638 2057 1.
665 2014 760 2073 Ego
785 2029 889 2059 sum.

823 2167 892 2198 DE
930 2167 1138 2198 VERBIS
1175 2161 1456 2199 ACTIVIS.‘

505 2281 637 2336 Signa
657 2282 900 2326 Verborum
934 2283 1172 2326 activorum
1192 2314 1207 2336 ,
1245 2295 1375 2337 supra
1403 2280 1633 2325 secundam
1670 2296 1821 2337 perso-

508 2474 588 2517 (*)
609 2478 649 2510 In
677 2478 834 2510 omnibus
862 2478 986 2519 linguis
1015 2477 1111 2516 signa
1137 2478 1210 2509 haec
1240 2475 1358 2507 eadem
1377 2494 1387 2512 ‚
1420 2480 1482 2514 pro
1505 2471 1699 2504 Verborum
1722 2482 1808 2505 con-

457 2536 632 2577 §rigatione
650 2562 661 2580 ‚
688 2538 852 2569 videntur
876 2539 958 2571 mihi
979 2536 1149 2572 servanda
1173 2543 1274 2578 esse3
1302 2528 1490 2576 propterea
1523 2530 1618 2574 quod
1642 2531 1745 2566 facile
1763 2533 1803 2566 ab

460 2593 613 2629 invicem
641 2596 916 2637 distinguantur.
