1997 3287
522 302 549 342 3.
1037 298 1372 343 paleam-10.

578 399 735 445 Fateor
773 407 902 444 artem
943 399 1318 453 Stenographicam
1358 399 1432 442 diu
1473 401 1575 443 mihi
1613 401 1714 455 quid
1751 401 1875 446 inane

524 470 686 515 visam:
709 471 790 512 Ast
811 480 859 513 ut
884 470 966 524 legi
985 481 1095 523 opus
1114 469 1349 512 immortale
1368 469 1527 513 domini
1546 471 1613 512 DE
1625 472 1876 525 ΡιυὲΡΕΑΝ,

522 542 689 584 :nullum
713 541 865 582 mansit
884 539 1059 581 dubium
1081 539 1181 593 quin
1204 540 1306 583 viris
1326 541 1521 583 litteratis
1544 541 1764 583 inventum
1782 555 1878 595 pre-

521 610 684 655 tiosum
717 610 939 662 existeret3
973 609 1206 663 praesertim
1245 611 1362 664 quod
1400 611 1588 652 theorice
1620 611 1767 653 diebus
1804 610 1878 654 ali·

525 690 636 736 quot
659 680 754 735 capi
777 681 948 736 possit,
983 691 1023 723 et
1051 681 1094 724 in
1121 682 1419 725 exercitatione
1450 682 1553 725 nihil
1581 682 1636 724 sit
1667 681 1821 736 asperi.

579 807 713 851 Nunc
742 806 792 848 de
817 806 868 848 iis
901 818 995 859 quae
1023 804 1114 858 ipse
1138 804 1219 846 feci
1253 805 1411 858 aliquid
1441 805 1681 849 dicendum.
1714 807 1881 852 Aucto-

522 878 587 922 :ris
615 876 926 928 familiaritate,
957 875 1128 918 Parisiis
1155 876 1254 916 dum
1287 876 1505 928 degerem,
1539 886 1759 929 versatus,
1791 889 1883 920 stu-

522 948 781 999 diorumque
813 947 983 1000 adjutor
1007 976 1021 995 ‚
1057 957 1132 998 per
1165 953 1331 997 tempus
1364 943 1538 997 aliquod
1570 945 1619 984 de
1654 944 1882 1000 Stenogra-

521 1018 628 1073 Phia
666 1018 801 1072 palam
838 1015 1038 1058 disserui.
1072 1015 1185 1056 'stim
1225 1024 1361 1056 autem
1397 1014 1545 1056 crebro
1582 1014 1690 1056 inter
1725 1028 1805 1057 nos
1831 1016 1884 1058 de

528 1087 792 1130 deflectenda
827 1087 877 1129 ad
909 1086 1095 1140 linguam
1127 1085 1298 1128 latinam
1335 1083 1418 1126 fuit
1446 1097 1610 1138 sermo3
1645 1084 1763 1138 quod
1792 1094 1886 1128 tan·

527 1157 625 1199 dem
655 1168 766 1210 opus
794 1155 970 1211 arripui.

591 1300 676 1342 Pro
716 1298 962 1354 systematis
1006 1297 1285 1340 fundamento
1309 1329 1323 1350 ‚
1376 1298 1437 1340 nil
1471 1298 1514 1339 in
1560 1309 1613 1340 eo
1654 1298 1755 1340 novi
1794 1310 1890 1340 sum

520 1369 722 1412 amolitus.
760 1369 978 1411 Noveram
1022 1368 1132 1409 enim
1170 1369 1295 1420 quam
1331 1368 1565 1420 prudenter
1609 1381 1789 1422 quaeque
1819 1369 1888 1412 fo·

524 1447 623 1481 rent
648 1437 875 1489 disposita.
911 1437 1129 1478 Caetersmi
1161 1436 1196 1473 si
1223 1435 1325 1484 quid
1361 1436 1580 1477 immutavi
1613 1447 1701 1478 tum
1731 1451 1888 1482 conso-

523 1507 733 1551 nantibus
766 1514 807 1547 et
839 1505 1094 1554 vocalibus,
1128 1512 1218 1543 tum
1253 1504 1394 1546 verbis
1430 1507 1888 1563 comparationumque

522 1575 769 1634 gradibus3l
787 1572 1025 1626 linguarum
1060 1571 1305 1614 differentiae
1332 1575 1619 1618 tribuendum.
1652 1578 1757 1620 Non
1785 1579 1893 1622 Gal—

523 1648 670 1691 lorum
703 1643 912 1686 vocabula
945 1652 1100 1684 sonant
1133 1643 1195 1684 uti
1223 1643 1511 1698 Latinorum,
1546 1648 1785 1691 declinandi
1810 1664 1889 1695 nec

524 1714 790 1772 conjugandi
819 1714 928 1756 inter
958 1725 1003 1755 se
1035 1714 1152 1756 modi
1178 1716 1465 1758 conveniunt:
1505 1730 1598 1759 nam
1634 1718 1751 1762 illinc
1788 1722 1889 1764 arti-

525 1788 618 1832 culi
648 1786 842 1840 semper,
872 1783 970 1826 hinc
1005 1785 1248 1838 nunquam3
1274 1786 1390 1829 illinc
1419 1787 1632 1832 auxiliaria
1657 1791 1784 1834 verba
1811 1804 1890 1835 sae-

526 1857 734 1916 pissime,
759 1857 859 1899 hinc
895 1855 989 1898 raro
1021 1855 1292 1899 adhibentur.

584 1998 803 2042 Caeterum
830 1996 887 2037 nil
914 1997 938 2036 a
964 2007 1028 2036 me
1055 1993 1323 2038 immutatum
1342 2026 1357 2047 ‚
1386 1999 1503 2050 quod
1534 2000 1626 2055 ipse
1654 2001 1888 2057 inventor,

526 2078 582 2112 ut
604 2077 745 2122 puto,
775 2076 911 2108 ratum
939 2078 1025 2107 non
1054 2065 1220 2107 habeat.
1262 2065 1356 2107 Nec
1395 2068 1632 2112 animorum
1668 2072 1798 2114 aciem
1825 2085 1889 2115 re-

526 2151 625 2182 rum
658 2136 801 2191 specie
836 2135 1118 2190 perstringere
1141 2134 1285 2190 volui,
1311 2148 1390 2178 nec
1415 2137 1589 2184 alienam
1617 2139 1720 2184 mihi
1749 2140 1889 2187 vindi-

529 2220 628 2252 care
661 2206 854 2262 gloriam.
1588 2209 1594 2216 ’“

587 2351 720 2395 Solus
752 2350 949 2395 dominus
986 2350 1156 2392 CONEN
1189 2361 1249 2392 DE
1284 2350 1508 2394 PnepeAN
1541 2353 1641 2396 artis
1674 2366 1797 2397 novae
1827 2355 1892 2399 in-

531 2434 718 2477 ventor;
760 2437 912 2468 novam
947 2422 1044 2466 dico
1069 2454 1084 2476 ,
1128 2425 1245 2478 quod
1276 2425 1360 2467 huc
1398 2426 1534 2479 usque
1571 2425 1630 2470 nil
1661 2427 1742 2469 tale
1772 2427 1889 2471 vide·

534 2506 685 2540 rimus.

588 2635 736 2694 Quum
781 2643 911 2683 artem
954 2634 1333 2694 stenographicam
1386 2648 1554 2685 summo
1610 2635 1891 2696 perfectionis
