1904 3220
600 221 866 252 nxac'rA.
1364 222 1416 265 39

124 310 252 372 Qui,
283 323 367 366 quae
395 309 502 365 U),
542 308 583 352 in
609 321 783 352 numero
815 307 967 363 plurali
1026 339 1039 352 .
1100 339 1114 350 .
1170 327 1192 351 o
1219 311 1288 354 vel
1339 326 1377 352 κο

123 433 310 477 Verbum
355 433 483 477 dicere
526 442 849 486 repraesentetur
879 433 1128 488 simpliciter
1161 434 1293 489 signis
1324 450 1417 480 ver-

66 504 394 557 borum-supra
434 502 687 544 vocabulum
725 503 971 555 praecedens
1012 503 1189 558 positis·
1244 506 1289 548 Si
1324 509 1418 549 nul-

69 573 154 613 lum
186 571 440 614 vocabulum
479 571 723 624 praecedat,
752 583 935 624 persona
980 581 1020 612 et
1051 585 1250 615 numerus
1282 575 1417 629 expri-

68 652 237 686 mantur
280 652 326 684 ut
372 642 459 684 tab.
501 658 544 696 4.
583 642 690 684 N.0
730 655 779 696 15
807 673 822 694 ‚
867 642 1160 696 exprimuntur
1201 644 1243 686 in
1284 647 1417 689 verbo

65 729 150 758 sum
175 728 187 755 .·
215 722 318 755 tunc
350 712 450 754 verb
480 724 684 765 personas
713 722 753 755 et
788 725 988 755 numeros
1014 712 1131 754 verbi
1148 724 1304 770 possum
1335 716 1419 758 hoe

65 782 194 824 modo
233 781 455 834 depingere
492 794 577 823 non
619 780 717 823 licet
745 813 760 833 ‚
803 795 853 823 ne
892 781 1054 823 oriatur
1097 783 1316 826 confusio.
1353 784 1419 827 Ut

65 860 205 892 autem
233 851 449 904 passivum
472 850 554 892 dici
579 852 684 904 (Η)
716 851 1005 904 significetur,
1034 851 1123 892 haec
1146 853 1265 905 signa
1291 854 1419 895 inter-

67 930 264 962 secantur
324 920 476 961 lineola
533 919 724 971 obliqua.
792 920 894 960 'Hoc
947 921 1075 961 modo
1124 922 1365 963 scribantur
1397 935 1410 963 t

65 990 190 1031 multa
221 987 354 1039 dlxit,
389 989 514 1029 multa
544 986 762 1037 dicuntum
782 987 962 1029 dixerat.
1001 986 1166 1029 Eodem
1197 989 1413 1040 artificio,

65 1058 101 1100 si
135 1067 300 1111 tempus
339 1067 484 1110 urgeat
508 1088 521 1108 ‚
559 1056 769 1111 designari
814 1066 1001 1110 possunt
1040 1058 1209 1101 illorum
1250 1059 1418 1102 Verbo-

68 1141 161 1171 rum
195 1140 432 1182 synonyma
452 1158 466 1179 ‚
506 1127 605 1180 quin
636 1127 721 1169 imo
753 1127 894 1170 Verba
921 1128 1191 1181 aliquatenirs
1225 1131 1277 1172 ad
1310 1143 1427 1174 eam-2

65 1199 158 1241 dem
196 1197 435 1239 accedentia
467 1197 861 1250 significationem3
911 1211 1005 1251 quae
1029 1200 1141 1241 certe
1167 1231 1182 1251 ‚
1221 1199 1258 1241 si
1295 1202 1419 1245 venia

66 1268 287 1323 paululiim
321 1267 568 1310 extendatur
589 1298 604 1320 ,
638 1267 981 1321 frequentissime
1019 1275 1269 1312 occurrunt.

117 1391 320 1446 Exempla
354 1393 544 1445 quaedam
576 1391 673 1432 vide
702 1391 787 1434 tab.
821 1404 864 1443 4.
898 1392 959 1433 N.
980 1394 1006 1420 0
1043 1408 1116 1446 41.
1148 1398 1367 1440 Oculorum
1397 1430 1413 1450 ‚

65 1463 231 1513 doctus,
268 1477 528 1518 quocunque,
568 1466 772 1516 nunquam
797 1492 811 1513 ‚
850 1465 976 1505 multa
1005 1462 1112 1507 dixit
1138 1496 1153 1517 ,
1192 1469 1320 1511 multa
1356 1468 1420 1512 di-

65 1544 238 1586 cuntur,
263 1533 439 1576 dixerat.

118 1643 294 1697 Signum
337 1642 664 1694 adversativum,
699 1639 786 1685 tab.
821 1657 863 1696 4.
898 1641 958 1684 N.
980 1643 1006 1669 0
1059 1658 1130 1698 42.
1175 1645 1418 1705 depictum,

63 1713 275 1757 contraria
313 1722 353 1754 et
392 1713 590 1766 opposita
631 1712 806 1755 indicat.
856 1713 993 1766 Supra
1036 1716 1102 1757 vel
1140 1716 1249 1760 infra
1290 1734 1418 1764 voca-

64 1787 212 1829 bulum
243 1784 433 1839 ponitur.
468 1783 580 1826 Tab.
612 1797 655 1836 4.
692 1783 798 1826 N.0
832 1796 902 1838 43.
936 1786 1100 1830 Divites
1135 1799 1174 1831 et
1195 1800 1407 1846 pauperes.

202 1900 205 1902 .
1167 1901 1170 1904 .

125 1976 207 2020 (ῆι)
235 1974 422 2017 Propterea
447 1976 705 2008 distinctionem
742 1973 807 2007 feci
841 1983 1018 2008 numerum
1047 1975 1213 2019 plut-aiem
1248 1980 1339 2014 inter
1374 1990 1413 2018 et

75 2037 300 2077 singularem,
331 2033 424 2076 quod
453 2042 524 2066 tum
552 2036 641 2068 inter
669 2036 834 2076 temporis
853 2036 1023 2068 scribendi
1047 2042 1207 2072 numeros
1231 2041 1325 2073 nulla
1341 2051 1411 2077 sae..

74 2093 147 2136 pins
173 2094 349 2126 distinctio
380 2091 456 2125 fieri
477 2100 668 2135 oporteat:
709 2101 856 2125 attamen
887 2092 970 2138 qui,
1008 2104 1107 2138 quae,
1135 2099 1169 2129 in
1196 2099 1321 2139 plurali
1351 2112 1417 2135 nu-

74 2160 190 2191 mero,
212 2150 260 2182 fas
285 2149 427 2191 quoque
460 2158 512 2183 est
540 2158 670 2191 puncto
692 2150 891 2192 depingere.

117 2212 150 2244 Si
173 2210 332 2244 confusio
367 2218 435 2242 non
457 2211 641 2251 timeatur,
672 2211 846 2250 genitivus
874 2218 1004 2252 puncto
1033 2215 1089 2246 vel
1119 2213 1248 2248 circulo
1278 2226 1412 2261 supra,

79 2280 113 2305 er.
137 2272 310 2304 ablativus
342 2279 470 2312 puncto
496 2274 553 2304 vel
581 2273 713 2304 circulo
743 2271 828 2303 infra
867 2273 1049 2312 scripturae
1084 2275 1237 2316 lineam,
1263 2285 1299 2327 et
1331 2287 1410 2327 post

74 2330 290 2362 vocabulum
321 2330 522 2372 praecedens
552 2331 694 2372 posito,
720 2327 953 2369 designantur
979 2327 1040 2363 De
1053 2329 1178 2374 quibus
1197 2324 1280 2368 ante?
1296 2335 1405 2379 ditm

76 2385 177 2428 cujus
212 2385 302 2420 liber
335 2389 557 2422 scribantur.
596 2386 639 2421 de
661 2419 698 2441 0
716 2386 801 2422 αηῑὲ
827 2377 978 2429 dixi5⁰
1000 2385 1101 2420 liber.

125 2469 235 2515 (**)
259 2473 429 2517 Tempora
453 2475 612 2515 quaedam
636 2476 825 2517 composita
853 2476 917 2507 hoc
941 2475 1042 2507 modo
1069 2483 1136 2512 non
1160 2485 1242 2514 sunt
1268 2487 1407 2516 contra-

76 2531 211 2574 henda,
237 2534 267 2567 si
294 2531 454 2581 accurate
481 2532 630 2568 scribere
655 2536 757 2569 velis.
788 2533 876 2567 Vide
906 2541 980 2576 pagi
1005 2541 1059 2574 25.
