1997 3287
625 322 967 367 PRAEFA‘rr'o.
1409 331 1449 377 7

97 426 282 470 debent?
316 424 361 468 Si
388 424 531 468 lubeat
560 435 728 478 autem,
761 425 928 480 semper
960 423 1156 467 accurate
1188 421 1445 468 scribantur.

95 495 145 539 Id
171 498 284 539 nunc
310 494 623 550 proportione,
658 495 774 538 nunc
806 495 962 538 lineola
993 493 1280 549 distinguente
1310 493 1451 537 absol-

95 577 238 611 vetur«

150 692 333 736 Vocales
361 705 537 746 omnes,
565 691 799 747 utcumque
830 691 1001 744 adsint,
1028 691 1209 735 maxima
1236 691 1450 733 celeritate

95 764 417 818 exprimuntur.
452 764 748 818 Interpunctio
785 764 959 817 quoque
987 775 1071 806 non
1101 762 1274 805 omissa.
1310 762 1394 804 Hic
1420 761 1457 803 si

95 833 270 887 gradum
297 833 495 876 dominus
528 833 598 875 DE
627 831 850 876 PanpeAN
874 831 1083 884 stitisset‚
1108 845 1231 874 novae
1263 830 1364 873 artis
1391 831 1453 874 in-

95 912 251 946 ventor
271 903 366 957 J'ure
391 903 628 953 diceretur3
658 902 816 956 quippe
841 914 934 954 quae
951 902 1116 944 caeteris
1134 902 1332 945 omnibus
1348 912 1457 954 prae-

94 981 239 1023 stent,
261 972 556 1025 sufficiantque
584 981 632 1011 ut
662 970 935 1024 inperfectos
957 970 1282 1024 Stenograplios
1310 971 1458 1013 evada-

93 1056 207 1085 mus.
242 1043 543 1086 Verumtamen
572 1056 664 1086 acre
699 1043 803 1084 illud
836 1042 1079 1096 ingenium,
1112 1043 1352 1096 linguarum
1386 1053 1459 1084 na-

94 1121 230 1155 turam
257 1112 559 1168 introspiciens
577 1144 590 1165 ,
623 1113 754 1154 multa
789 1112 895 1154 vidit
921 1125 1006 1154 non
1034 1112 1175 1154 solum
1198 1111 1455 1164 vocabulis,

95 1183 168 1223 sed
208 1182 329 1224 etiam
369 1183 556 1236 periodis
592 1183 861 1233 communia,
887 1192 927 1223 et
956 1183 978 1223 ὲ
1003 1182 1247 1234 composito
1277 1182 1327 1223 ad
1358 1182 1458 1221 sim-

99 1250 318 1304 pliciorem
365 1262 522 1294 statum
575 1252 815 1306 redigenda.
860 1252 963 1294 Inde
1019 1253 1206 1294 radicum
1254 1261 1456 1305 systema.

99 1319 206 1361 Non
264 1321 368 1363 illud
415 1323 642 1364 verborum
695 1323 808 1365 exitu
831 1354 846 1374 ‚
891 1323 965 1364 sed
1012 1322 1162 1377 primis
1205 1330 1456 1364 cunctarum

99 1388 341 1442 linguarum
378 1392 597 1434 elementis
647 1393 811 1434 nititur.
856 1393 1011 1435 Radici
1063 1393 1236 1447 scriptae
1284 1392 1461 1434 unicum

99 1458 310 1510 adjectum
353 1458 521 1511 signum
569 1460 672 1512 quid
717 1459 940 1511 legendnm
979 1462 1119 1503 valeat
1155 1462 1332 1503 verbum
1375 1471 1460 1502 sta-

96 1526 209 1569 bilit.

155 1637 272 1693 Quid
314 1648 452 1679 autern
506 1639 557 1680 de
602 1636 744 1679 verbis
783 1636 940 1679 activis
981 1637 1256 1692 passivisque
1294 1639 1464 1683 dicam?

96 1706 433 1760 Simplicissimis
463 1706 596 1760 signis
628 1719 841 1760 persona„
876 1718 1077 1747 num-erus
1096 1736 1109 1757 ‚
1147 1716 1347 1761 tempus,
1374 1721 1466 1749 mo-

100 1779 213 1830 dus,
240 1777 590 1831 interrogativum
609 1809 623 1830 ‚
647 1777 892 1831 ¹negativum
909 1808 923 1829 ,
950 1790 992 1819 et
1024 1776 1211 1819 activum
1239 1788 1310 1820 aut
1331 1779 1467 1832 passi-

100 1861 233 1901 vum3
269 1849 502 1901 eodemque
537 1849 666 1891 modo
694 1857 944 1890 cunctarum
981 1848 1220 1901 linguarum
1252 1848 1468 1900 auxiliaria

101 1920 229 1962 verba
264 1919 577 1973 exprimuntur.
625 1918 976 1970 Comparationis
1015 1919 1208 1970 gradus,
1251 1917 1468 1971 repetitio-

94 2003 204 2047 lnes„
231 1989 559 2044 oppositiones,
586 1987 671 2029 imo
697 1997 737 2028 et
762 1986 1098 2028 numerationem
1117 1987 1252 2040 ipsam
1277 1988 1472 2029 arithme-

104 2059 230 2101 ticam
259 2089 274 2110 ‚
309 2059 441 2100 verbo
487 2057 696 2110 quidquid
741 2056 791 2098 ad
839 2055 1053 2098 scribendi
1091 2066 1221 2099 artem
1265 2068 1429 2112 spectat
1454 2089 1470 2110 ,

104 2128 332 2172 tractavit:
364 2127 561 2169 tractavit
588 2127 729 2168 hercle
747 2157 761 2178 ‚
798 2136 845 2168 ut
873 2126 930 2168 ita
956 2138 1078 2169 nemo
1107 2136 1204 2173 ante
1235 2125 1341 2168 illud
1369 2136 1472 2167 tem-

102 2209 186 2251 pus
210 2227 223 2247 ‚
261 2208 337 2237 nec
371 2196 470 2237 olim
528 2195 754 2248 quisquam
792 2195 846 2237 sit
881 2196 1092 2239 facturus.
1144 2196 1323 2250 Fingere
1362 2196 1470 2239 enim

106 2265 388 2320 simpliciores
425 2267 520 2319 quis
548 2266 685 2319 possit
712 2266 908 2308 litteras?
946 2267 1114 2310 Natura
1152 2269 1352 2309 exhausta
1387 2278 1468 2310 est.

108 2336 367 2380 Celeriorem
393 2337 734 2379 contractionum
763 2337 863 2390 quis
887 2337 1095 2380 rationem
1116 2337 1338 2392 :repet-iat?
1373 2339 1470 2382 Ele-

109 2406 262 2450 mentis
289 2407 526 2461 linguarum
560 2407 620 2449 nil
655 2406 844 2449 brevius.

166 2504 278 2548 Ante
318 2516 467 2550 natura
505 2515 716 2549 evertatur
738 2538 752 2558 ,
779 2506 1090 2560 miscenturque
1127 2519 1267 2549 rerum
1298 2505 1471 2558 forma,

114 2578 423 2632 destructisque
439 2580 655 2622 hodiernis
669 2610 683 2631 ‚
699 2580 836 2621 alterae
854 2590 1129 2633 procreentur
1149 2580 1330 2633 linguae3
1351 2579 1476 2633 quam

111 2660 433 2693 monumentum
451 2663 609 2695 novum
633 2651 779 2695 lioc‘in
799 2662 947 2705 genere
967 2651 1203 2694 durabilius
1225 2650 1472 2692 aedificetur.
