1904 3220
565 346 822 379 Exac'rA.
1319 350 1377 396 35

88 444 135 488 Si
175 442 428 487 vocabulum
454 471 470 493 ‚
509 440 675 494 phrasis
712 471 728 493 ,
776 441 841 483 vel
874 440 1091 483 cantilenae
1129 441 1367 486 versiculus

34 517 102 558 ter
134 516 199 557 vel
227 514 386 568 pluries
418 510 546 555 scribi
579 513 754 561 debeat,
784 511 906 554 tertia
941 522 1217 555 connectatur
1239 515 1373 568 linea,

32 586 100 628 vel
144 580 285 638 plures
321 616 335 636 ,
377 583 539 625 duabus
581 581 794 635 prioribus
830 611 845 633 ‚
895 582 1158 635 repetitionis
1202 584 1376 638 signum—

31 655 412 699 constituentibus.
447 653 558 695 Tab.
593 667 636 706 4.
677 652 739 695 N.
763 652 789 678 0
825 665 893 706 37.

87 766 133 808 Si
163 766 385 820 responsio
420 765 471 808 ad
503 764 780 818 quaestionem
807 763 997 817 negativa
1025 764 1111 817 sit,
1146 766 1239 819 duae
1264 766 1383 823 signi*

32 835 296 889 repetitionis
321 836 483 878 lineolae
507 834 670 887 circulo
685 834 939 889 junguntur.
969 834 1080 877 Tab.
1105 850 1147 889 4.
1171 836 1231 878 N.
1252 838 1278 865 0
1304 842 1374 894 38.

29 905 100 949 An
121 902 298 960 fecisti?
328 904 425 948 Non
452 905 557 959 feci.

84 1013 300 1069 Repetitio
336 1014 506 1056 relativa
546 1012 713 1055 duobus
751 1011 921 1066 punctis
963 1011 1073 1054 infra
1113 1012 1371 1061 vocabulum

31 1085 305 1140 repetendum
343 1083 667 1127 horizontaliter
695 1081 916 1136 dispositis
938 1113 953 1136 ,
984 1081 1218 1127 exhibetur.

85 1198 178 1241 Sint
203 1197 412 1240 incolumes
432 1228 447 1250 ‚
477 1196 666 1252 florentes
687 1225 703 1248 ‚
734 1195 859 1238 beati.

111 1256 148 1272 ..

84 1319 178 1395 9³1}
196 1327 377 1362 tractant
399 1322 478 1362 ista
490 1349 504 1371 ‚
521 1328 688 1374 tergunt
703 1348 719 1370 ‚
741 1326 901 1374 ungunt
914 1345 928 1368 ‚
951 1326 1115 1360 verrunt
1126 1345 1141 1368 ,
1155 1325 1382 1373 ssim-guma·⁴

119 1579 875 1644 CONTRACTIONES
919 1577 1284 1645 LOGICAE.

562 1709 663 1735 dux-⁴·
669 1711 868 1737 ‘bd-⁴⁴44*

85 1808 417 1853 Contractiones
469 1807 661 1862 quaedam
707 1808 887 1863 propitiis
927 1808 978 1852 ad
1016 1807 1195 1863 logicam
1246 1823 1366 1854 acce-

29 1881 125 1923 dere
158 1879 372 1922 videntur.

85 1990 134 2033 In
178 2000 361 2045 quatuor
393 1990 548 2032 abeunt
592 1989 779 2042 classes,
818 1998 1003 2044 quatuor
1036 1990 1371 2047 semi-circulis,

32 2060 188 2113 quibus
231 2059 339 2101 linea
380 2068 492 2101 recta
523 2057 754 2112 jungitur,
801 2060 1056 2112 designatas.
1110 2059 1214 2102 Haec
1254 2063 1376 2117 signa

29 2129 177 2173 ordine
211 2129 496 2182 depinguntur
525 2128 611 2169 tab.
650 2142 693 2181 4.
733 2128 794 2171 N.
813 2130 849 2161 0-
888 2140 955 2183 39.

83 2239 257 2292 Signum
288 2240 432 2293 primae
467 2237 614 2281 classis
647 2270 662 2291 ‚
697 2238 805 2282 infra
839 2239 1017 2282 radicem
1056 2242 1244 2294 positum
1267 2274 1282 2294 ‚
1315 2245 1372 2286 si-

31 2307 202 2362 gnificat
229 2310 439 2352 actionem
455 2340 469 2361 ‚
485 2308 750 2362 factum‚ve1
766 2303 1021 2364 productum
1041 2341 1055 2362 ,
1075 2323 1168 2363 quae
1184 2312 1206 2352 ἐι
1231 2313 1370 2356 radice

34 2378 190 2432 scriptia
222 2387 397 2433 propter
433 2378 662 2432 quamlibet
704 2390 870 2422 causam
907 2378 1113 2433 originem
1160 2381 1362 2436 ducunt,

32 2460 103 2493 ut:
140 2450 416 2495 Latrocinium
444 2482 458 2504 ‚
490 2451 795 2507 fratricidium.

85 2562 183 2605 Hoc
227 2562 353 2604 modo
394 2562 510 2618 pingi
549 2572 734 2621 possunt
768 2563 938 2608 nomina
988 2562 1177 2619 quaedam
1219 2563 1372 2608 collec-

33 2634 136 2680 tiva·
172 2634 346 2681 Liliacei
372 2643 456 2678 etc.
