1904 3220
474 317 527 360 30
906 303 1396 347 STENOGRAPHIA

526 404 632 447 Haec
666 402 785 456 signa
818 402 1137 444 terminationes
1173 403 1255 445 sibi
1298 406 1491 459 proprias
1533 406 1710 461 quoque
1765 406 1838 449 de-

470 476 634 530 signare
657 483 867 527 possunt„
897 474 1138 526 quanquam
1167 487 1250 516 non
1275 475 1415 517 adsint
1440 488 1588 520 omnes
1618 477 1833 521 conditio·

469 558 546 589 nes
583 543 714 598 supra
749 543 985 597 requisitae.
1033 543 1229 599 Exempli
1265 546 1398 599 gratia
1436 547 1754 590 substantivum
1790 547 1862 591 in*

471 618 601 660 orium
630 615 924 669 repraesentari
956 623 1102 669 potest
1133 616 1250 657 velut
1289 616 1497 672 adjectiva
1526 616 1567 660 in
1596 622 1734 669 orius,
1771 634 1797 662 a
1822 646 1839 671 2

469 701 562 736 um3
584 685 731 726 eodem
754 685 917 728 scilicet
940 684 1093 739 signo,
1121 686 1305 729 eamdem
1320 687 1577 740 positionem
1596 688 1834 731 obtinente.

471 752 800 796 Substantivum
818 753 859 794 in
882 763 946 795 tas
963 784 977 804 ,
1003 753 1246 806 quanquam
1273 766 1359 795 non
1383 754 1599 798 derivetur
1625 757 1676 799 ab
1699 756 1839 811 adjec-

471 823 597 874 tivo,
632 823 655 865 a
690 823 830 865 radice
866 823 1027 877 scripta
1062 825 1277 872 deducto,
1302 832 1487 867 attamen
1522 827 1669 869 eodem
1704 827 1835 870 modo

472 893 767 951 repraesentari
789 892 967 948 poterit.
994 893 1111 938 Idem
1137 895 1187 936 de
1209 893 1375 936 caeteris
1400 894 1644 939 dicendum.

531 1020 751 1064 Adverbia
773 1019 907 1074 signis
933 1018 1111 1075 adjectis
1138 1017 1357 1072 designare
1382 1020 1542 1074 saepius
1577 1030 1641 1066 est
1662 1020 1840 1074 inutile;

475 1106 571 1148 quae
596 1103 732 1135 tamen
760 1092 927 1145 scriptu
952 1102 1054 1133 sunt
1079 1090 1302 1144 longiora,
1335 1090 1447 1133 linea
1475 1092 1738 1137 horizontali
1768 1103 1842 1134 su-

472 1176 550 1217 pra
570 1163 751 1205 radicem
773 1160 919 1216 posita
944 1168 1306 1214 repraesentantur
1339 1191 1726 1204 ......
1785 1186 1841 1195 —-

529 1272 745 1329 Quoniam
772 1272 970 1316 adverbia
993 1272 1106 1326 saepe
1134 1274 1186 1316 ab
1209 1272 1432 1328 adjectivis
1461 1273 1734 1326 derivantur,
1758 1273 1843 1328 sig-

473 1357 576 1388 num
612 1345 802 1398 generale
831 1343 1131 1386 adverbiorum
1163 1342 1517 1397 superimponere
1550 1342 1653 1385 licet
1690 1342 1837 1397 notis,

474 1414 796 1457 terminationes
853 1412 1163 1468 adjectivorum
1225 1412 1534 1455 indicantibus.
1610 1411 1725 1456 Tab.
1791 1428 1838 1468 4.

472 1484 536 1528 N.
554 1486 581 1512 0
617 1498 687 1539 29.
714 1485 944 1533 Fraterne,
969 1482 1218 1526 amabiliter.

527 1596 597 1638 Ne
610 1593 934 1637 confundantur
946 1591 1217 1636 substantiva
1231 1625 1244 1646 ‚
1259 1593 1468 1649 adjectiva
1479 1603 1519 1636 et
1531 1594 1730 1639 adverbia
1742 1608 1841 1640 cum

471 1667 656 1719 Verbis,
689 1678 784 1720 quae
808 1664 957 1707 iisdem
985 1665 1162 1707 omnino
1198 1666 1332 1719 signis
1368 1665 1707 1720 exprimuntur,
1737 1680 1842 1712 con·

483 1740 645 1782 sultum
668 1747 732 1778 est
753 1744 999 1790 sequentem
1027 1747 1195 1778 servare
1217 1737 1371 1791 legem.

527 1850 574 1893 Si
594 1848 887 1900 substantiva,
918 1847 1127 1903 adjectiva
1161 1848 1230 1891 vel
1270 1847 1468 1891 adverbia
1502 1847 1636 1902 signis
1662 1848 1840 1904 adjectis

471 1919 817 1975 repraesentanda
837 1919 950 1970 sint3
969 1928 1075 1959 tunc
1099 1919 1220 1960 radix
1240 1919 1277 1960 si
1297 1919 1488 1960 Verbum
1510 1919 1566 1960 sit
1583 1949 1597 1971 ‚
1627 1919 1843 1962 scribatur

471 1990 514 2033 in
540 1990 675 2045 prima
696 1988 882 2043 persona
906 1987 1112 2042 singulari
1134 1987 1358 2041 praesentis
1388 1986 1636 2040 indicativi;
1664 1987 1701 2030 si
1724 1988 1843 2031 radix

471 2062 575 2103 vero
603 2060 658 2102 sit
682 2059 1001 2102 substantivum
1019 2059 1084 2100 vel
1107 2058 1363 2113 adjectivum
1379 2089 1393 2110 ,
1413 2057 1456 2101 in
1484 2057 1672 2102 ablativo
1695 2058 1843 2113 singu-

473 2131 566 2174 lari.
599 2130 644 2172 Si
668 2129 812 2172 Verba
845 2128 979 2182 signis
1004 2128 1180 2182 adjectis
1206 2137 1592 2182 repraesententur,
1619 2127 1809 2172 vidimus
1826 2162 1842 2181 ,

475 2201 683 2254 quantum
708 2198 797 2241 fieri
820 2208 964 2252 potest
981 2229 994 2250 ‚
1009 2198 1189 2240 radicem
1202 2198 1444 2251 ponendam
1462 2210 1555 2239 esse
1573 2198 1617 2239 in
1642 2198 1833 2241 secunda.

475 2272 662 2327 persona
680 2270 883 2325 singulari
906 2269 1024 2312 modi
1044 2269 1312 2323 imperativi3
1335 2270 1371 2310 si
1393 2268 1494 2311 vero
1521 2266 1639 2310 radix
1660 2267 1717 2310 sit
1738 2269 1841 2311 sub-

477 2345 709 2388 stantivum
737 2344 803 2387 vel
839 2343 1123 2399 adjectivum,
1157 2341 1369 2384 scribatur
1393 2340 1539 2395 potius
1570 2339 1612 2383 in
1649 2340 1842 2385 nomina·

477 2416 595 2468 tivo,
617 2416 806 2470 genitivo
824 2414 1077 2467 veldativo3
1101 2412 1159 2455 ita
1180 2412 1345 2454 scilicet
1369 2421 1415 2453 ut
1436 2410 1510 2453 fiat
1533 2410 1754 2453 distinctio
1778 2411 1843 2455 in·

473 2495 546 2537 ter
597 2486 677 2527 hos
717 2496 842 2527 casus
887 2493 928 2525 et
974 2482 1204 2526 ablativum
1255 2482 1567 2536 supradictum.
1621 2482 1734 2526 Tab.
1791 2498 1838 2537 4.

477 2558 539 2602 N.
558 2557 584 2584 0
633 2573 700 2612 30.
745 2558 955 2609 Dormio,
998 2557 1213 2600 donabitur
1240 2572 1252 2609 ς
1284 2555 1499 2600 laudabilis
1520 2588 1534 2608 ‚
1566 2555 1825 2610 laudaverit:

480 2627 708 2675 laudarit-us
724 2659 739 2682 ‚
781 2627 993 2683 laudabit3
1019 2627 1218 2684 clartficus
1234 2658 1251 2683 ,
1276 2625 1534 2683 clarificavit.
