1904 3220
635 281 884 312 EXACTA.
1398 285 1445 315 11

155 370 368 426 Quoniam
391 369 539 410 litterae·
562 368 701 410 affines
725 382 833 411 sono
855 369 964 411 inter
985 381 1029 411 se
1049 371 1196 423 parum
1218 370 1444 423 differunt3

100 456 168 485 eas
199 443 262 484 vel
295 442 442 494 parum
466 471 479 491 ‚
509 441 574 481 vel
607 440 711 482 nihil
746 440 920 483 omnint>
952 441 1060 484 inter
1096 453 1141 483 se
1171 442 1448 495 discrepanti·

98 515 180 556 bus
210 512 342 567 signis
375 512 545 566 pingere
576 511 692 554 licet.

154 625 265 665 Dum
291 623 438 664 litterae
464 623 605 666 affines
617 624 765 666 eodem
790 623 963 677 penitus
983 624 1107 677 signo
1133 625 1446 676 conficiuntur,

98 706 200 738 tunc
226 726 240 747 ‚
289 707 418 749 quum
452 695 593 747 libet,
645 697 810 749 semper
850 697 1011 751 adjecta
1049 696 1204 738 lineola
1241 697 1448 751 distingui

97 775 299 822 possunt.
328 765 438 808 Vide
464 764 625 808 litteras
652 765 691 808 D
709 798 723 819 ,
755 767 791 808 Ζ
810 799 824 819 ‚
851 766 890 808 X
920 776 1004 809 etc.
1029 765 1141 809 Tab.
1174 766 1317 810 1.N.⁰
1349 784 1389 812 1,

150 893 256 935 Haec
287 893 428 934 lineola
459 890 711 946 distinguens
748 893 988 935 vocabitur.

143 1018 308 1061 Eodem
332 1017 374 1059 in
399 1017 609 1061 vocabulo
635 1029 766 1071 quum
797 1018 889 1060 duae
915 1019 1065 1061 litterae
1092 1019 1257 1063 lineolis
1296 1021 1448 1065 distin·

94 1089 271 1144 guendae
305 1097 406 1130 sunt
433 1119 447 1140 ‚
482 1099 571 1130 tum
602 1101 741 1130 earum
777 1089 910 1141 priori
934 1120 947 1139 .,
979 1091 1075 1131 loeo
1106 1089 1273 1132 lineolae
1299 1091 1449 1133 distin-

95 1158 291 1214 guentis,
318 1157 481 1211 virgula
504 1169 742 1212 apponatur
764 1173 778 1211 ;
811 1171 905 1211 quae
936 1160 1097 1212 virgula
1121 1161 1233 1202 vices
1274 1163 1446 1215 quoque

94 1230 292 1272 secundae
321 1230 483 1272 lineolae
500 1261 513 1282 ,
542 1230 730 1283 alioquin
759 1229 1004 1285 adjiciendae
1021 1263 1035 1283 ‚
1056 1231 1290 1284 supplebit.
1315 1231 1449 1286 Igitur

94 1300 185 1344 dedi
211 1301 422 1343 scribetur
436 1311 483 1342 ut
513 1300 625 1343 Tab.
665 1316 702 1344 1.
732 1302 822 1344 N.⁰
850 1317 891 1344 2.

233 1437 304 1466 DE
337 1437 837 1467 CONSONANTIBUS
868 1440 1296 1473 DELINEANDIS.

110 1573 114 1575 ,
147 1525 294 1569 Lineae
327 1532 451 1565 rectae
484 1522 517 1562 P
546 1531 585 1561 et
610 1521 673 1571 B,
702 1523 734 1562 F
762 1531 802 1562 et
826 1523 869 1562 V
901 1525 1127 1565 referentes
1157 1527 1324 1579 semper
1358 1528 1448 1569 des-

94 1596 312 1638 cendendo
344 1592 639 1634 delineantur:
674 1590 746 1630 sed
777 1589 852 1643 ¹uti
886 1589 917 1632 P
958 1601 996 1631 et
1038 1592 1069 1633 F
1110 1593 1311 1637 fortiores
1342 1609 1451 1639 sono

94 1667 218 1720 quam
251 1663 281 1705 Β
308 1673 349 1703 et
377 1662 442 1714 V,
473 1662 531 1703 ita
555 1662 675 1703 lineae
704 1660 789 1703 Pet
810 1660 842 1703 F
867 1660 1154 1715 significantes
1171 1675 1295 1707 erunt
1319 1667 1451 1720 duplb

94 1737 290 1793 majores.

147 1849 344 1892 Alterum
371 1847 539 1901 signum
563 1847 794 1889 litterarum
817 1845 848 1887 P
874 1854 915 1886 et
938 1844 969 1886 B
994 1848 1160 1900 semper
1183 1850 1452 1892 ascendendo

96 1930 136 1963 et
170 1922 221 1963 ab
255 1920 413 1963 annulo
445 1918 690 1971 incipiendo
721 1915 1030 1970 configuratur.

150 2032 219 2073 Ob
254 2031 459 2072 rationem
488 2027 776 2082 supradictam
801 2025 856 2068 sit
878 2029 1059 2070 annulus
1075 2029 1226 2072 litterae
1248 2031 1279 2072 P
1296 2032 1453 2074 annulo

95 2101 247 2143 litterae
278 2101 310 2142 Β
343 2100 474 2154 duple>
509 2099 657 2152 major.

151 2212 380 2266 Signorum
421 2209 471 2252 M
511 2209 784 2252 referentium
825 2210 975 2265 incipit
1017 2224 1119 2254 arcu
1155 2213 1303 2266 aliud‚
1339 2214 1453 2257 aliud

97 2293 197 2323 arcu
229 2280 392 2323 finitur.

147 2393 284 2436 Linea
308 2391 350 2434 T
391 2402 433 2434 et
472 2391 511 2433 D
541 2392 777 2446 exprimens
811 2423 826 2442 ‚
870 2391 993 2434 initio
1032 2394 1096 2443 vjl
1131 2394 1270 2436 medio
1309 2395 1453 2446 verbi,

97 2462 261 2516 semper
299 2461 350 2503 ad
392 2460 557 2502 libitum
585 2491 600 2512 ‚
638 2461 704 2503 vel
741 2460 1008 2502 ascendendo
1047 2451 1114 2503 vel
1154 2463 1453 2505 descendendo

97 2531 356 2575 delineatur:
389 2532 511 2586 signo
546 2532 583 2574 D
615 2533 794 2575 addatur
825 2532 979 2575 lineola
1008 2533 1289 2588 distinguens,

153 2629 351 2674 Attamen
386 2631 508 2675 initio
534 2632 813 2686 quorumdam
838 2633 1145 2680 vocabulorum
1177 2635 1249 2681 fiat
1277 2635 1445 2690 signum
