1997 3287
560 310 595 356 6-
1068 315 1424 360 PRAEr'A’rxo.

558 424 652 458 rum
687 416 985 461 methodorum
1015 420 1248 472 congerie?
1283 421 1354 464 Ne
1389 423 1511 477 plura
1541 422 1703 466 dicam:
1739 422 1914 467 Nullam
1978 465 1979 468 ,

563 485 609 529 in
634 488 718 542 qua
749 487 808 530 nil
841 488 1105 532 desideratur
1126 492 1306 546 reperire
1335 502 1416 536 est.

611 626 707 669 Nec
741 627 894 670 mirum
922 628 989 671 id:
1025 631 1182 685 saepius
1203 631 1365 675 lubrica
1397 634 1447 676 ad
1483 633 1700 676 veritatem
1739 632 1808 675 via
1836 642 1916 674 est.

560 696 611 738 In
641 698 792 739 natura
827 697 1003 753 exiguus
1034 711 1096 742 est
1136 701 1478 756 primigeniarum
1511 703 1740 757 figurarum
1778 715 1922 744 nume-

557 781 666 821 rus,
700 782 795 823 quae
832 773 1079 825 nunquam,
1117 787 1379 828 quocunque
1420 788 1515 817 cum
1551 775 1715 817 caeteris
1747 776 1919 817 charac-

559 839 727 881 teribus
761 849 997 894 contextu‚
1037 841 1264 886 deformari
1294 854 1467 897 queant.
1510 844 1596 887 Hic
1639 845 1812 896 nodus,
1851 845 1921 886 hic

561 915 730 952 summa
754 902 1005 954 difficultas:
1041 913 1190 966 paucis
1220 915 1369 968 nempe
1403 915 1536 968 signis
1568 914 1770 956 distincte
1797 914 1922 957 innu-

557 988 696 1020 meras
719 980 841 1022 vocis
858 980 1091 1035 flexiones,
1128 995 1419 1037 sonorumque
1454 984 1642 1026 omnium
1682 983 1922 1037 linguarum

562 1049 870 1093 commissuras
906 1051 1148 1106 depingere.
1203 1052 1334 1108 Quod
1390 1053 1562 1107 quidem
1609 1052 1712 1094 fecit
1757 1065 1926 1095 summo

560 1131 662 1162 cum
704 1129 910 1163 successu
952 1123 1151 1165 dominus
1188 1123 1359 1166 CONEN
1397 1136 1458 1165 DE
1501 1123 1741 1166 ΡΒὲΡὲΑΝ.
1796 1123 1926 1176 Signa

559 1190 804 1243 composita
823 1204 899 1234 nec
921 1204 1013 1235 esse
1038 1194 1201 1236 velocia
1225 1194 1357 1246 satis,
1384 1207 1460 1236 nec
1483 1196 1644 1248 absque
1666 1193 1925 1237 confusione

558 1259 684 1314 ligari
707 1274 837 1314 posse
873 1264 1212 1318 comprehendit.
1251 1263 1367 1321 Quid
1403 1265 1532 1307 faciet
1564 1275 1736 1317 autem,
1773 1266 1924 1306 litterae

557 1334 804 1376 necessario
838 1336 1086 1379 adhibendae
1117 1350 1292 1379 numero
1328 1339 1424 1379 cum
1447 1338 1573 1391 longe
1611 1344 1813 1390 superent
1838 1335 1925 1388 pri-

558 1403 766 1456 migenias
791 1415 952 1448 naturae
978 1405 1140 1448 formas
1158 1437 1173 1457 ‚
1203 1407 1322 1447 nullo
1345 1406 1491 1446 studio
1510 1436 1524 1456 ‚
1554 1406 1683 1446 nullis
1709 1404 1759 1446 ab
1790 1402 1928 1445 homi-

561 1471 694 1513 nibus
723 1503 738 1523 a
771 1485 823 1514 ne
853 1474 904 1514 ab
948 1474 1043 1526 ipso
1080 1471 1231 1523 utique
1266 1470 1359 1513 Deo
1396 1473 1511 1513 ultra
1537 1472 1882 1527 multiplicandas
1904 1472 1927 1515 ‘3

558 1539 724 1581 Totius
766 1540 1011 1592 systematis
1049 1539 1374 1582 fundamentum
1413 1539 1592 1583 fulcitur
1644 1545 1928 1596 proportione

557 1610 718 1664 majore
740 1619 814 1651 aut
843 1609 1008 1651 minore
1032 1610 1253 1663 signorum
1272 1642 1286 1661 ‚
1316 1619 1355 1651 et
1381 1623 1430 1652 eo
1454 1612 1573 1663 quod
1597 1611 1749 1654 litterae
1775 1613 1930 1654 dentur

560 1679 920 1734 pronuntiatione
949 1680 1006 1722 ita
1041 1681 1149 1722 inter
1180 1693 1225 1721 se
1256 1680 1444 1730 similes,
1486 1690 1534 1720 ut
1561 1692 1647 1721 uno
1670 1682 1929 1733 eodemque,

554 1761 633 1794 aut
676 1753 826 1795 saltem
870 1753 1169 1806 perpaululum
1213 1751 1558 1805 discrepantibus
1606 1751 1741 1805 signis
1791 1751 1930 1805 effingi

557 1822 752 1877 Possint.
795 1822 932 1877 Igitur
967 1823 1280 1878 Stenographia
1310 1833 1455 1865 exacta
1499 1823 1741 1864 eorumdem
1784 1822 1932 1877 signo-

561 1907 659 1936 rum
695 1895 979 1948 magnitudini
1015 1895 1224 1946 diversae,
1266 1894 1416 1935 litteris
1451 1893 1645 1935 affinibus
1677 1893 1931 1947 lineolaeque

564 1963 851 2016 distinguenti
879 1963 1088 2016 imprimis
1121 1963 1326 2016 originem
1357 1962 1497 2005 debet.
1525 1963 1830 2006 Consonantes
1856 1963 1934 2005 tri-

563 2037 640 2091 plo
676 2035 833 2090 majore
862 2034 1000 2077 forma
1032 2035 1156 2088 quam
1177 2035 1348 2077 vocales
1376 2034 1667 2077 delineamus:
1704 2047 1779 2076 nec
1812 2034 1932 2088 quod

560 2106 765 2149 confusio
780 2106 877 2147 inde
894 2107 1054 2148 oriatur
1072 2106 1296 2158 quisquam
1314 2104 1539 2147 existimet.
1558 2105 1834 2147 Contrarium
1852 2105 1932 2146 do-

561 2179 654 2221 cuit
678 2190 808 2229 usus,
831 2177 1115 2230 praeterquam
1134 2177 1249 2230 quod
1262 2175 1513 2228 Tayloriani
1531 2206 1544 2226 ‚
1573 2185 1613 2216 et
1641 2188 1720 2217 nos
1753 2175 1929 2229 quidem

569 2248 657 2304 ipsi
693 2247 737 2292 in
760 2248 974 2302 scriptura
1002 2246 1143 2289 usuali
1172 2245 1399 2301 duplicatis
1430 2253 1601 2287 utamur
1629 2244 1779 2298 signis.
1996 2288 1997 2324 1

624 2388 883 2444 Quanquam
946 2385 1100 2430 litterae
1140 2388 1280 2430 affines
1331 2387 1498 2441 semper
1540 2384 1582 2426 in
1627 2383 1936 2439 Stenographid
1996 2355 1997 2376 Χ

566 2460 717 2504 exacta
745 2458 948 2512 distingui
980 2458 1178 2512 possint,
1215 2459 1256 2499 id
1287 2467 1425 2500 tamen
1451 2455 1609 2510 saepius
1644 2468 1731 2497 non
1760 2455 1939 2509 requiri-

567 2542 659 2576 tur.
687 2531 892 2574 Germani
921 2531 962 2572 T
985 2544 1065 2584 pro
1094 2530 1132 2572 D
1157 2531 1305 2584 gallice
1330 2528 1663 2585 pronunciantes
1690 2527 1934 2582 intelligun-

567 2610 658 2646 tur.
679 2602 803 2645 ⁴Num
827 2601 929 2655 ergo
945 2631 959 2651 ‚
984 2601 1079 2642 cum
1100 2600 1201 2642 -soni
1235 2601 1453 2653 paululum
1474 2596 1621 2641 vitiosi
1643 2596 1815 2640 auribus
1843 2606 1938 2650 pera

571 2672 820 2728 cipiuntur,
845 2671 970 2714 iidem
993 2668 1168 2714 omnino
1200 2669 1347 2712 charta
1367 2667 1477 2725 picti
1502 2664 1639 2711 oculis
1664 2664 1827 2721 percipi
1845 2664 1934 2709 nori
