1904 3220
529 347 583 401 36
947 345 1418 388 STENOGRAPHIA

585 443 698 487 Idem
732 443 900 498 signum
927 475 942 496 ‚
985 456 1112 498 supra
1152 444 1331 488 radicem
1371 445 1559 500 positum
1588 475 1604 498 ‚
1655 456 1878 500 personam

518 516 728 570 significat
767 529 862 570 quae
899 516 1114 572 objectum
1137 548 1152 570 ‚
1192 518 1361 561 nomine
1396 518 1562 573 scripto
1603 528 1877 573 repraesenta·

519 594 609 627 tum
633 617 647 638 ‚
677 595 830 629 tractat
855 617 870 639 ‚
912 586 1086 630 conficit
1111 618 1126 640 ‚
1162 587 1261 630 emit
1285 617 1301 640 ‚
1339 589 1485 631 vendit
1519 597 1600 630 etc.
1626 618 1641 639 ‚
1673 589 1741 631 vel
1777 600 1875 642 quae

517 656 725 699 actionem
749 688 763 709 ,
802 658 947 701 Verbo
988 670 1226 712 expressam
1252 688 1268 711 ‚
1302 658 1421 700 facit.
1469 658 1566 701 Hoc
1596 658 1725 701 modo
1764 670 1874 711 quo-

520 726 601 778 que
638 726 808 780 pingere
840 726 938 768 licet
974 740 1039 769 res
1075 727 1322 769 inanimatas
1352 737 1394 769 et
1422 726 1642 782 adjectiva.
1668 725 1873 782 Aurifex,

517 794 647 850 opifex
672 825 686 847 ‚
707 797 895 852 pt'raster
916 825 930 847 ‚
958 794 1168 854 frugifer.

570 905 615 949 Si
648 906 749 950 vero
790 915 892 949 nota
928 905 1057 961 hujus
1088 906 1237 949 classis
1273 906 1314 949 in
1345 904 1568 961 scripturae
1601 905 1712 950 linea
1744 917 1880 961 pona·

515 968 628 1030 tur,
666 975 879 1030 significat
912 976 1170 1018 vocabulum
1209 987 1420 1020 mercator.

567 1088 688 1131 Nota
725 1086 961 1131 inserviens
999 1088 1197 1130 secundae
1233 1087 1399 1140 classi,
1436 1087 1577 1141 posita
1618 1087 1727 1131 infra
1766 1088 1875 1132 radi·

515 1168 606 1199 cem
640 1185 656 1209 ‚
700 1156 892 1209 designat
935 1156 1178 1210 religionem
1207 1186 1221 1207 ‚
1270 1166 1425 1197 sectam
1457 1185 1472 1207 ‚
1521 1155 1737 1198 scientiam
1762 1187 1776 1208 ‚
1812 1169 1878 1198 ar-

514 1235 596 1269 tem
620 1255 635 1277 ,
682 1235 869 1280 systema
908 1234 990 1267 etc.
1017 1256 1032 1277 ,
1083 1234 1123 1267 et
1159 1225 1432 1279 potissimam
1477 1226 1646 1278 quidem
1688 1225 1874 1279 syllabas

513 1297 692 1355 graphia
714 1325 732 1348 9
783 1298 891 1352 logia
912 1327 927 1349 ‚
971 1305 1012 1338 et
1056 1298 1192 1339 ismus·
1251 1295 1530 1352 Agricultura
1557 1327 1573 1350 ,
1613 1295 1877 1341 Christianis—

511 1364 598 1409 mus
617 1395 633 1418 ‚
666 1365 951 1422 stenographia
976 1394 991 1416 ,
1028 1365 1240 1420 theologia.

538 1491 671 1533 ·Haec
703 1498 806 1533 nota
830 1519 845 1541 ‚
879 1500 1008 1544 supra
1034 1487 1215 1530 radicem
1255 1487 1396 1541 posita
1420 1518 1434 1540 ‚
1470 1502 1694 1543 personam
1735 1490 1874 1534 scien·

511 1562 594 1604 tias
628 1561 697 1602 vel
741 1569 851 1602 artes
892 1559 1152 1601 excolentem
1184 1589 1199 1610 ,
1245 1558 1487 1612 religionem
1533 1562 1599 1603 vel
1634 1561 1873 1605 doctrinam

510 1629 781 1686 profitentem
823 1627 1033 1681 designat.
1069 1627 1265 1683 Agricola
1283 1657 1298 1678 ,
1339 1628 1594 1672 Christianus
1619 1660 1633 1682 ,
1662 1640 1873 1688 stenogra·

499 1702 605 1758 phus
630 1732 645 1755 ,
678 1700 896 1755 theologus.

565 1813 746 1868 Signum
779 1809 915 1852 tertiae
948 1808 1096 1851 classis
1122 1839 1138 1860 ‚
1175 1807 1284 1851 infra
1315 1808 1497 1851 radicem
1523 1808 1712 1863 positum
1735 1840 1750 1862 ‚
1781 1823 1876 1853 mu·

507 1896 592 1929 nus
618 1915 632 1936 ,
668 1880 912 1935 dignitatem
938 1910 953 1933 ,
984 1881 1083 1922 vitae
1119 1878 1324 1922 rationem
1353 1910 1368 1932 ‚
1403 1878 1578 1922 iudicat.
1604 1881 1870 1935 Consulatus,

499 1951 778 2011 pontificatus.

564 2076 733 2120 Eodem
761 2074 884 2128 signo
908 2104 923 2126 ,
950 2086 1078 2127 supra
1107 2071 1289 2116 radicem
1317 2073 1492 2127 posito,
1511 2082 1867 2128 repraesentantur

513 2148 588 2204 qui
615 2146 862 2202 dignitatem
891 2152 1058 2198 gerunt.

559 2262 684 2306 Nota
722 2265 882 2312 quartae
921 2254 1070 2298 classis
1097 2284 1112 2307 ‚
1152 2253 1262 2296 infra
1292 2252 1474 2296 radicem
1502 2253 1673 2307 posita,
1708 2255 1871 2310 signifi-

506 2341 574 2376 cat
606 2328 820 2383 regionem
849 2357 864 2378 ,
899 2325 1046 2367 urbem
1070 2355 1084 2377 ‚
1121 2325 1262 2366 locum
1281 2354 1296 2375 ,
1326 2335 1420 2376 quae
1451 2325 1473 2364 a
1505 2324 1675 2366 nomine
1705 2325 1867 2379 scripto

506 2405 672 2447 ducunt
705 2399 940 2453 originem,
971 2404 1145 2452 propter
1178 2395 1409 2449 quamlibet
1444 2406 1629 2438 causam.
1671 2397 1867 2442 Amstelo·

508 2473 669 2516 domum
688 2502 703 2524 ‚
734 2469 973 2527 Capitolium
991 2497 1006 2520 ,
1038 2467 1274 2522 Petropolis.

553 2583 692 2640 Quod
721 2581 758 2624 si
783 2589 883 2624 nota
918 2591 1045 2632 supra
1073 2577 1252 2621 radicem
1292 2586 1507 2630 ponatur,
1541 2588 1764 2630 personam
1793 2576 1866 2619 de-

509 2663 632 2700 notat
653 2665 747 2709 quae
774 2649 925 2695 incolit
945 2647 1184 2704 regionem,
1210 2647 1355 2692 urbem
1394 2647 1460 2692 vel
1487 2647 1630 2692 locum
1648 2678 1664 2703 ,
1694 2646 1866 2692 nornine
