1904 3220
562 233 835 266 Exac'rA.
1339 243 1393 284 49

31 323 132 379 Quo
174 323 342 378 quidem
378 333 443 363 me
480 321 824 374 proficiscentem
865 319 976 364 haud
1006 320 1106 364 sane
1144 324 1239 378 quis
1272 323 1395 368 facile

31 396 246 438 retraxerit
269 426 282 446 ,
315 403 450 446 neque
488 394 688 445 tanquam
729 392 883 434 Peliam
929 393 1151 435 recoxerit.
1199 394 1328 449 Quod
1361 397 1398 438 si

30 464 126 516 quis
156 465 261 506 deus
291 462 391 504 mihi
414 460 646 513 largiatur,
675 471 723 501 ut
751 473 800 501 ex
823 461 900 502 heic
925 472 1045 504 aetate
1068 476 1395 518 repuerascam,

29 544 70 576 et
112 534 155 576 in
197 533 319 575 cunis
357 531 552 584 vagiam,
583 531 703 573 valde
741 542 947 571 recusem.
979 532 1074 573 Nec
1107 534 1208 575 vero
1238 534 1395 588 velim,

31 603 155 657 quasi
201 604 382 644 decurso
427 601 611 654 spatio,
652 601 703 642 ad
742 613 932 642 carceres
970 601 993 641 a
1036 602 1148 643 calce
1188 606 1394 647 revocari.

23 672 143 727 Quid
186 671 294 714 enim
344 671 468 712 habet
511 670 599 712 vita
636 669 900 712 commodi?
944 669 1059 724 Quid
1108 684 1193 714 non
1250 675 1398 726 ‘potius

24 741 184 784 laboris
203 742 336 799 JSed
365 741 516 782 habeat
547 740 677 781 sane:
705 740 831 781 habet
860 740 972 782 certe
1007 749 1144 782 tamen
1171 751 1243 783 aut
1270 744 1396 801 satic-

25 822 153 855 tatcm
185 844 200 864 ,
238 822 310 854 aut
352 811 543 853 modum.
592 811 695 852 Non
740 811 842 851 libet
883 810 991 851 enim
1030 811 1133 852 mihi
1178 812 1399 869 deplorare

25 883 154 924 vitam
180 913 195 933 ,
233 882 351 934 quod
385 881 538 930 multi,
563 881 661 921 etii
698 880 846 931 docti,
876 893 988 932 saepe
1015 879 1224 923 fecerunt.
1243 884 1401 936 Neque

28 964 94 993 me
123 950 280 992 vixisse
315 950 532 1001 poenitet3
576 947 775 1000 quoniam
806 948 863 988 ita
891 947 1011 998 vixi,
1041 958 1089 988 ut
1115 961 1201 990 non
1233 949 1398 995 frustra

29 1029 174 1063 natum
200 1031 265 1060 me
291 1018 528 1059 existimem
553 1030 564 1058 ε
596 1026 636 1058 et
667 1029 717 1058 ex
746 1017 833 1058 vitfi
859 1017 941 1058 ista
967 1017 1141 1060 discedo
1159 1048 1173 1070 ,
1202 1023 1403 1074 tanquam

29 1101 79 1131 ex
106 1087 298 1142 hospitio
324 1117 338 1138 ,
369 1100 454 1128 non
489 1088 691 1139 tanquam
719 1099 768 1128 ex
794 1086 951 1128 domo:
980 1089 1271 1130 commota-ndi
1299 1091 1411 1134 enim

34 1167 185 1200 natura
215 1157 497 1198 diversorium
531 1156 656 1199 nobis
678 1187 692 1207 ,
728 1169 815 1198 non
846 1155 1065 1198 habitandi
1095 1158 1237 1199 locum
1272 1159 1406 1202 dedit.

92 1283 130 1323 O
155 1281 401 1334 praeclarum
429 1281 535 1322 diem
559 1312 573 1332 ,
613 1292 708 1322 cum
735 1281 786 1322 ad
812 1281 914 1322 illud
939 1281 1130 1323 divinum
1171 1283 1412 1327 animorum

33 1349 267 1396 concilium
303 1362 545 1405 coetumque
573 1352 825 1404 proficiscar
844 1383 858 1402 ,
886 1364 1070 1406 cumque
1100 1367 1149 1395 ex
1175 1355 1253 1396 hac
1282 1358 1407 1399 turbe}

33 1435 73 1466 et
112 1423 356 1465 colluvione
396 1424 608 1465 discedam
636 1422 649 1474 ,ἔ
692 1421 946 1464 Proficiscar
980 1425 1089 1464 enim
1126 1438 1210 1466 uon
1245 1428 1293 1467 ad
1330 1441 1403 1471 eos

37 1495 178 1537 solum
205 1494 349 1545 viros,
377 1493 428 1534 de
457 1493 613 1545 quibus
649 1493 742 1533 ante
775 1492 893 1543 dixi;
935 1494 1008 1533 sed
1039 1494 1161 1534 etiam
1195 1495 1245 1535 ad
1276 1496 1409 1540 Cato-

34 1575 131 1606 nem
164 1573 304 1603 meum
328 1592 342 1612 ,
376 1573 461 1612 quo
508 1574 633 1603 nemo
674 1561 739 1601 vir
782 1561 931 1610 melior
973 1570 1095 1601 natus
1134 1570 1198 1600 est
1227 1592 1241 1612 ,
1283 1577 1407 1609 nemo

34 1634 190 1688 pietate
213 1629 520 1684 praestantior:
557 1629 679 1683 cujus
710 1630 733 1670 ἐι
760 1643 824 1671 me
855 1642 1016 1683 corpus
1050 1644 1278 1677 crematum
1310 1649 1403 1689 est3

35 1703 152 1757 quod
212 1709 360 1743 contra
410 1699 551 1740 decuit
600 1700 650 1742 ab
702 1699 775 1742 illo
824 1713 963 1742 meum
1010 1714 1021 1741 ε
1086 1704 1251 1747 animus
1307 1710 1408 1750 vero

33 1786 101 1815 me
149 1772 345 1812 deserens
385 1799 397 1820 ,
438 1770 509 1810 sed
551 1780 794 1823 respectans
839 1801 852 1822 ,
898 1770 939 1811 in
985 1783 1030 1812 ea
1076 1774 1273 1826 profecto
1318 1779 1412 1820 loca

39 1841 264 1892 discessit,
293 1841 379 1893 quo
404 1839 507 1880 mihi
532 1840 615 1892 ipsi
638 1842 835 1882 cernebat
861 1853 951 1881 esse
979 1843 1401 1902 veniendum.Quem

39 1925 118 1966 ego
153 1923 290 1953 meum
326 1922 470 1952 casum
508 1908 679 1950 fortiter
711 1909 820 1950 ferre
852 1910 972 1951 visus
1005 1924 1131 1953 sum:
1181 1929 1266 1958 non
1297 1920 1414 1970 quod

39 1993 163 2033 aequo
199 1979 340 2021 animo
373 1978 525 2018 ferrem
557 1991 571 2029 3
606 1979 679 2018 sed
714 1992 778 2020 me
817 1980 908 2032 ipse
947 1984 1202 2025 consolabar
1230 2017 1242 2037 ,
1274 1988 1418 2031 existi-

37 2061 159 2091 maus
201 2061 287 2090 non
318 2047 598 2100 longinquum
637 2048 744 2089 inter
781 2062 858 2090 nos
893 2050 1126 2102 digressum
1173 2064 1213 2094 et
1255 2057 1414 2100 disces-

37 2131 132 2162 sum
167 2117 275 2159 fore.
317 2117 398 2158 His
433 2116 534 2158 mihi
572 2119 721 2168 rebus,
763 2118 936 2171 Scipio,
976 2120 1060 2172 (id
1099 2123 1207 2165 enim
1244 2137 1283 2167 te
1318 2141 1416 2172 cum

38 2188 177 2231 Laelio
201 2187 395 2231 admirari
422 2187 554 2228 solere
574 2187 749 2241 dixisti)
774 2189 878 2229 levis
906 2198 971 2229 est
996 2202 1193 2234 senectus
1213 2226 1226 2245 ,
1246 2208 1320 2237 nec
1342 2210 1413 2239 so-

40 2259 130 2300 111111
164 2270 250 2300 non
291 2258 498 2308 molesta,
534 2258 605 2299 sed
647 2258 768 2298 etiam
796 2258 1000 2311 jucunda.
1026 2258 1156 2315 Quod
1194 2264 1296 2307 siin
1329 2268 1412 2310 hoc

40 2341 161 2378 erro,
188 2327 304 2380 quod
349 2327 512 2369 animos
548 2327 766 2369 hominum
799 2327 1056 2370 immortales
1085 2343 1177 2372 esse
1216 2337 1410 2389 credam,

38 2397 222 2438 libenter
260 2408 378 2438 erro:
418 2408 494 2439 nec
529 2396 630 2438 mihi
669 2397 783 2438 hunc
816 2410 1025 2449 errorem,
1062 2412 1148 2452 quo
1185 2402 1372 2447 delector
1396 2438 1411 2458 ,

0 2503 1 2522 Ξ
41 2467 142 2511 dum
174 2465 273 2511 vivo
298 2497 313 2520 ,
348 2466 591 2521 extorqueri
628 2467 745 2513 volo.
792 2466 866 2512 Sin
906 2476 1130 2525 mortuuS,
1163 2480 1210 2514 ut
1243 2474 1413 2528 quidam
