1904 3220
597 227 848 259 EXAc‘rA.
1333 201 1402 271 '47

55 321 138 375 qne
161 319 287 371 licet3
318 318 400 372 qua
443 315 604 359 ratione
639 315 681 358 in
714 315 805 357 tota
830 313 973 368 lingua
994 313 1124 357 latina
1150 313 1263 357 nulla
1290 326 1402 367 vox,

58 390 413 447 pronunciatione
446 387 673 440 distincta,
715 384 922 428 confundi
950 394 1109 439 potest.

108 504 148 545 A
185 511 413 558 systemate
447 498 620 542 Domini
650 497 818 541 CONEN
851 509 913 538 DE
946 497 1167 540 Parmam
1190 498 1401 551 nusquam

52 572 266 622 aberravi3
299 583 402 624 quas
431 568 529 610 vero
559 566 640 614 feci
670 564 1048 617 commutationes,
1085 567 1150 608 vel
1176 579 1268 619 quae
1292 580 1403 609 nova

52 636 201 687 intuli,
229 649 344 687 non,
371 634 452 677 nisi
480 641 578 687 post
613 632 779 685 longam
815 630 1119 685 proprietatum
1156 632 1308 686 linguae
1346 634 1404 675 la-

54 705 152 749 tinae
185 704 493 759 indagationem
511 734 526 756 ‚
558 714 686 745 ausus
714 713 825 743 sum.

107 817 326 871 Scriptura
351 816 440 858 haec
460 813 784 867 stenographica
806 814 980 857 celerior
1001 814 1135 856 multo
1161 823 1251 867 est,
1278 815 1405 868 quam

50 885 189 940 primo
223 895 397 939 aspectu
425 884 613 926 videtur:
651 882 723 934 qui
756 884 865 926 enim
899 892 1065 936 tempus
1100 884 1302 925 linearum
1328 895 1407 925 nu-

51 967 166 996 mero
208 953 326 995 ducit
362 966 453 995 esse
490 951 784 993 aestimandum
823 981 838 1003 ‚
880 951 1150 993 vehementer
1188 962 1311 993 errat.
1357 952 1407 994 In

53 1024 265 1079 scriptura
295 1021 511 1066 communi
544 1020 694 1062 litterae
729 1022 896 1075 semper
924 1022 1189 1065 ascendendo
1221 1024 1287 1065 vel
1317 1024 1410 1065 des·

53 1095 272 1137 cendendo
295 1094 558 1148 figurantur3
582 1091 639 1132 ita
664 1099 740 1143 ut,
776 1093 1016 1146 quanquam
1034 1093 1172 1147 spatio
1197 1094 1408 1137 contineri

53 1163 278 1206 videantur
302 1163 477 1206 minimo
500 1194 514 1215 ,
541 1171 723 1204 attamen
760 1161 897 1216 reipsa
934 1163 1157 1205 maximum
1194 1175 1411 1216 percurre-

55 1232 177 1275 rint:
218 1232 514 1287 stenographia
550 1240 693 1274 exacta
731 1231 831 1274 vero
870 1232 1073 1286 plurimas
1117 1233 1241 1275 habet
1285 1243 1409 1275 notas

53 1302 340 1345 horizontales
363 1334 376 1355 ,
417 1315 509 1357 quae
537 1332 551 1354 ‚
581 1301 693 1343 recta
728 1310 950 1356 pergentes
979 1334 993 1356 ,
1035 1302 1242 1356 inceptam
1283 1303 1411 1357 quam

57 1372 262 1415 citissime
293 1372 519 1426 perficiunt
551 1371 720 1412 lineam.

111 1485 306 1539 Systema
337 1482 675 1526 contractionum
703 1481 903 1534 applicari
925 1491 1068 1535 potest
1085 1483 1135 1526 ad
1153 1483 1406 1537 scripturam

55 1555 261 1596 usualem.
285 1554 400 1607 Ergo
427 1553 499 1605 qui
525 1550 837 1592 characteribus
864 1552 1203 1605 stenographicis
1228 1555 1410 1597 scribere

57 1623 306 1674 noluerint,
342 1621 545 1663 rationem
575 1628 714 1661 tamen
749 1619 961 1663 scribendi
990 1622 1246 1666 celerrimam
1281 1625 1407 1669 unius

55 1693 137 1736 diei
163 1703 354 1748 tempore
379 1692 460 1735 sibi
482 1703 724 1745 comparare
754 1692 910 1734 valent.
934 1693 1114 1737 Amabat
1129 1725 1144 1747 ‚
1165 1697 1406 1749 amabatur,

55 1778 287 1810 amaturum
307 1765 434 1822 fuisse
460 1796 474 1817 ‚
503 1762 718 1806 amandum
746 1762 876 1818 fuisse
902 1795 914 1814 ‚
941 1767 1117 1817 orietur,
1147 1777 1254 1810 ortus
1280 1778 1404 1820 esset,

57 1847 166 1882 ortus
201 1838 348 1893 fuisset
377 1869 391 1891 ,
439 1835 674 1894 pacificator
700 1867 715 1888 ,
755 1837 1052 1895 pactficatorius
1086 1867 1100 1889 ,
1140 1837 1402 1881 scribantur:

97 1946 138 1956 -
420 1911 466 1956 2
711 1917 733 1952 Χ
1355 1922 1370 1951 c

62 1980 154 2010 ama
176 1995 192 2022 ,
216 1980 308 2010 ama
328 1996 344 2020 ,
374 1976 466 2007 ama
488 1992 502 2017 ,
531 1974 622 2004 ama
638 1992 653 2015 ‚
683 1966 745 2008 ori
770 1994 784 2017 ,
818 1974 926 2007 ortus
943 1991 957 2013 ,
989 1972 1101 2005 ortus
1121 1992 1135 2015 ‚
1155 1972 1246 2021 pax
1265 1992 1279 2016 ,
1301 1973 1403 2021 pax.

561 2026 604 2084 2
833 2020 885 2075 A
1007 2016 1053 2074 ll
1190 2030 1205 2060 c
