1904 3220
447 265 499 308 14
912 252 1393 296 STENOGRAPHIA

443 352 585 396 medio
616 361 751 394 tamen
783 351 849 393 vel
878 351 960 394 fine
996 351 1148 405 verbi,
1175 364 1310 394 sonus
1348 352 1600 405 nasiloquus
1624 353 1692 396 An
1726 353 1803 396 mi·

445 423 540 466 nori
574 423 736 464 circulo
769 422 1061 477 repraesentari
1090 431 1276 476 potestg,
1314 432 1404 465 tum
1438 424 1545 467 enim
1584 426 1806 478 nunquam

445 493 563 534 adest
590 491 763 539 dubium
781 524 794 544 ‚
824 493 941 546 quod
967 493 1127 535 vocalis
1153 494 1198 536 A
1218 494 1299 535 hoc
1328 493 1369 535 in
1392 507 1493 536 casu
1517 495 1805 537 semi-circulo

444 564 652 619 pingitur.
679 565 810 620 Quod
837 566 886 608 ad
910 565 1167 619 positionem
1193 565 1369 619 attinet,
1398 582 1445 609 on
1472 567 1638 620 regulas
1657 568 1695 610 O
1717 597 1732 617 ,
1766 576 1808 609 et

444 651 497 677 an
523 634 716 687 sequitur
743 636 907 689 regulas
934 636 980 678 A
1008 635 1196 678 initialis.
1227 635 1340 678 Tab.
1368 651 1404 678 1.
1435 636 1525 678 N.⁰
1559 649 1624 679 11.
1652 637 1761 680 Pons
1784 668 1800 689 ‚

435 705 559 760 fons,
589 720 685 757 con,
714 721 780 749 son
806 737 821 758 9
853 721 928 750 non
955 737 969 758 ‚
996 716 1071 768 ant
1093 737 1109 760 ‚
1137 721 1211 750 ans
1229 737 1243 759 ,
1273 716 1345 749 tan
1363 736 1378 758 2
1407 708 1474 749 lan
1498 737 1513 759 ,
1538 721 1658 750 nans.
1693 706 1803 749 Vide

444 776 536 819 Ν.ο
566 788 589 830 5
621 786 661 819 et
691 779 734 820 6.

501 889 607 931 Haec
642 889 899 933 circulorum
929 889 1091 944 positio
1119 890 1288 945 semper
1317 887 1537 933 referenda
1566 899 1630 932 est
1659 890 1710 932 ad
1739 890 1809 933 lit-

446 968 573 1001 teram
590 962 913 1013 praecedentem.
929 962 1003 1003 Tot
1020 992 1032 1012 ‚
1048 971 1105 1004 tos
1127 962 1375 1003 scribuntur
1388 970 1433 1001 ut
1444 960 1555 1002 Tab.
1574 974 1610 1002 1.
1626 961 1715 1003 Ν.ο
1735 974 1800 1003 12.

447 1031 493 1073 Si
519 1033 619 1074 veto
653 1032 838 1074 circulus
867 1033 949 1075 hoc
977 1033 1016 1074 in
1047 1045 1147 1075 casu
1178 1033 1229 1075 ad
1257 1033 1438 1079 litteram
1470 1042 1718 1086 sequentem
1745 1045 1808 1075 re-

445 1101 627 1146 ferretur
648 1134 662 1155 ,
699 1104 927 1158 legendum
960 1102 1073 1146 foret
1105 1114 1196 1147 tant
1219 1135 1233 1156 ,
1260 1115 1371 1148 tans.

501 1230 695 1282 Circuli,
736 1232 905 1274 vocales
949 1248 974 1274 a
1003 1240 1043 1273 et
1076 1246 1130 1274 an
1165 1239 1517 1285 repraesentantes
1537 1262 1552 1284 ,
1583 1229 1803 1285 nunquam

447 1300 695 1355 segregatim
732 1301 837 1356 poni
874 1303 1077 1355 possunt.

500 1427 665 1470 Circuli
700 1427 840 1481 exigui
871 1459 886 1479 .,
924 1427 1096 1469 vocales
1141 1426 1386 1477 nasiloquas
1427 1431 1470 1468 in
1505 1436 1546 1474 et
1580 1442 1636 1470 un
1671 1426 1806 1481 (dum

444 1508 570 1542 sonat
602 1512 656 1540 un
689 1507 735 1538 ut
768 1499 810 1541 in
843 1496 986 1550 lingua
1017 1493 1208 1549 gallica)
1238 1495 1520 1549 incipientes,
1543 1497 1806 1552 positionem

449 1569 676 1624 quamlibet
702 1567 897 1609 obtinent
919 1577 997 1618 pro
1018 1564 1175 1619 majore
1192 1564 1411 1609 facilitate.
1433 1568 1546 1611 Tab.
1562 1584 1600 1612 1.
1623 1568 1714 1612 Ν.ο
1734 1582 1802 1624 13.

444 1640 523 1682 Tin
540 1669 554 1690 ‚
582 1648 710 1689 tunc,
740 1650 875 1687 mmc‘‚
904 1635 1024 1677 hunc.

499 1763 735 1808 Notabitur
757 1767 794 1806 οἳ
816 1761 1079 1815 apostropha
1102 1770 1151 1804 ut
1173 1762 1223 1805 ab
1235 1765 1277 1806 in
1294 1761 1595 1817 distinguatur.
1623 1761 1735 1805 Tab.
1767 1775 1806 1805 1.

445 1836 536 1881 NJ>
566 1849 633 1890 14.
666 1837 858 1880 Introire.
1214 1821 1216 1824 v

501 1949 687 1991 Vocales
718 1948 884 2002 semper
913 1947 1196 2002 proporti0ne
1219 1947 1350 2003 triplo
1376 1946 1530 1997 minori
1556 1946 1683 2002 quam
1707 1959 1812 1992 con·

445 2029 649 2064 sonantes
685 2018 964 2061 delineantur.

648 2157 724 2188 DE
765 2155 1115 2188 CONTEXTU
1154 2153 1611 2185 LITTERARUM.

503 2260 681 2304 Litterae
711 2260 902 2315 quaedam
933 2271 1012 2312 pro
1041 2255 1207 2299 diversa
1231 2254 1446 2308 positione
1474 2256 1589 2298 notis
1624 2255 1805 2299 diversis

450 2343 824 2386 repraesentantur.
859 2331 967 2386 Quae
990 2329 1154 2372 tantitm
1178 2326 1300 2371 initio
1323 2325 1441 2368 verbi
1469 2326 1571 2381 poni
1590 2336 1806 2381 possunt,

450 2407 628 2450 initiales
660 2409 834 2457 litterae3
865 2416 959 2458 quae
994 2411 1132 2444 autem
1167 2414 1253 2443 non
1288 2400 1369 2443 nisi
1409 2400 1548 2443 medio
1588 2400 1654 2441 vel
1690 2399 1806 2446 fine..

451 2477 669 2521 mediantes
708 2487 933 2521 vocantur.
979 2475 1157 2518 Tabulae
1202 2474 1346 2529 primae
1381 2484 1581 2515 numerus
1622 2471 1810 2514 decimus

454 2548 631 2602 quintus
669 2550 829 2592 litteras
874 2561 1020 2591 omnes
1064 2547 1246 2590 initiales
1283 2544 1451 2588 exhibet
1481 2575 1496 2598 ,
1536 2553 1575 2586 et
1610 2553 1810 2588 numerus

457 2621 646 2665 decimus
678 2632 825 2665 sextus
862 2622 1108 2665 mediantes.
