1904 3220
621 276 889 309 ExACTA.
1410 279 1468 322 45

126 372 308 428 guiarem
356 380 395 414 et
440 369 639 425 piuralem
690 369 803 411 nulla
841 369 887 411 fit
933 366 1152 411 distinctio
1192 399 1205 419 ‚
1251 368 1350 422 quia
1386 383 1463 412 nec

118 443 338 498 participia
362 475 376 495 ,
406 454 482 484 nec
508 439 828 494 participiorum
854 438 972 491 signa
1000 439 1260 481 scribuntur.
1292 439 1335 480 Si
1361 440 1461 482 vero

116 515 374 568 distin‘guere
410 512 512 555 velis
536 542 550 564 ‚
599 509 808 551 indicatur
854 508 1028 560 pluralis
1079 509 1240 550 circulo
1278 507 1464 551 inseren-

118 584 174 626 do
205 585 310 626 inter
341 595 480 624 arcum
524 580 735 634 (signum
773 577 1086 633 incipientem)
1122 589 1162 619 et
1195 579 1342 621 lineam
1375 593 1463 622 rec-

114 662 196 695 tam
243 650 389 705 (illud
431 650 788 704 terminantem).
823 646 934 690 Tab.
975 662 1019 701 4.
1066 648 1172 690 N.0
1218 651 1292 700 46.
1333 650 1460 693 Ama-

111 733 197 765 tum
230 721 360 777 fuisse
395 753 410 773 ‚
463 731 613 764 amatos
642 719 804 774 fuisse,
855 718 1069 761 amandum
1101 732 1179 762 esse
1210 749 1224 772 ,
1273 721 1461 765 amandos

112 806 219 843 esse,
255 791 470 834 amandum
488 790 622 846 fuisse
647 819 661 841 ‚
699 786 888 831 amandos
915 788 1061 843 fuisse.

166 901 305 944 Facile
339 899 520 952 quisque
547 898 662 939 videt
693 908 776 939 tam
812 898 1036 939 verborum
1068 899 1301 942 activorum
1332 901 1457 952 quem

114 968 380 1023 passivorum
413 975 604 1018 tempora
636 965 879 1018 composita
903 966 1098 1019 pluribus
1123 968 1260 1009 modis
1288 968 1461 1022 depingi

108 1050 237 1092 posse
262 1049 272 1077 :
311 1048 396 1078 non
430 1034 583 1088 regulis
611 1047 750 1088 opus,
777 1046 906 1087 quum
941 1034 1068 1077 resin
1101 1047 1245 1090 aperto
1272 1046 1352 1080 est.
1381 1038 1457 1092 (ἢ

106 1107 258 1151 Inutile
305 1105 476 1158 quoque
515 1101 625 1146 foret
672 1104 808 1146 dicere
857 1105 1076 1157 quomodo
1119 1109 1457 1161 repraesentanda

110 1179 194 1220 sint
237 1186 425 1228 tempora
462 1188 510 1217 ex
541 1175 666 1217 variis
711 1174 947 1229 participiis
979 1184 1020 1216 et
1059 1177 1189 1218 verbo
1223 1193 1308 1220 sum
1351 1192 1456 1220 con-

111 1246 206 1289 flata
254 1255 333 1285 ut:
388 1244 581 1289 amandus
626 1259 710 1288 sum
744 1275 758 1296 ‚
817 1254 1027 1288 amaturus
1066 1261 1152 1289 sum
1186 1276 1201 1299 ,
1255 1249 1455 1292 amandus

106 1330 214 1359 eram
240 1345 255 1366 ‚
290 1325 496 1358 amaturus
533 1329 638 1357 eram
655 1344 670 1366 ,
711 1323 791 1356 etc.

162 1425 265 1468 Non
285 1424 453 1478 semper
475 1436 584 1479 opus
613 1433 676 1466 est
704 1424 848 1478 signa,
874 1439 1076 1480 personas
1106 1434 1147 1468 et
1169 1438 1367 1469 numeros
1389 1442 1460 1472 ex·

110 1493 356 1547 pumentia,
384 1494 515 1547 signis
541 1495 760 1535 modorum
787 1504 826 1535 et
850 1505 1086 1548 temporum
1102 1495 1304 1549 jungere,
1327 1510 1459 1550 quan-

109 1566 234 1617 quam
269 1563 387 1605 verbi
419 1564 655 1616 subjectum
684 1565 923 1606 nullatenus
955 1564 1227 1618 exprimatur.

158 1673 204 1715 Si
248 1673 369 1727 plura
413 1673 680 1716 substantiva
721 1674 787 1715 vel
830 1674 1036 1730 adjectiva
1093 1675 1136 1718 in
1184 1676 1331 1720 eodem
1377 1690 1455 1720 nu-

107 1756 221 1786 mero
259 1752 299 1784 et
338 1755 439 1784 casu
478 1745 648 1797 posita,
701 1756 793 1786 sese
832 1745 1022 1799 proxime
1059 1756 1328 1798 sequantur,
1363 1747 1459 1790 illo·

102 1827 194 1858 rum
223 1815 349 1871 primi
386 1817 548 1859 tantum
585 1830 785 1860 numerus
815 1828 855 1860 et
900 1830 1024 1859 casus
1061 1817 1238 1859 indicari
1271 1817 1444 1861 debent.

153 1927 272 1969 {nter
303 1927 490 1970 dativum
535 1937 575 1968 et
608 1927 835 1969 ablativum
878 1927 1041 1970 numeri
1080 1927 1255 1982 pluralis
1296 1929 1455 1972 nullam

105 2007 275 2051 oportet
303 1997 442 2040 facere
471 1997 819 2051 distinctionem3
851 2012 927 2041 nec
959 1999 1168 2052 scriptura
1201 1999 1309 2041 enim
1341 2012 1457 2041 com-

101 2067 217 2109 muni
249 2099 263 2119 ‚
312 2081 387 2109 nec
428 2069 783 2121 pronunciatione
829 2068 938 2110 inter
982 2081 1025 2110 se
1073 2069 1273 2111 differunt
1297 2081 1309 2110 ε
1357 2070 1455 2111 vide

101 2135 213 2178 Tab.
236 2149 276 2190 5.
292 2138 389 2190 (**)
405 2137 534 2192 Quod
552 2137 586 2178 si
613 2137 858 2191 segregatIm
880 2147 1064 2191 ponatur
1080 2139 1295 2189 circulus,
1319 2138 1451 2181 dativi

99 2206 259 2261 positio
279 2216 341 2248 est
366 2206 653 2261 praeferenda,
690 2216 738 2248 ut
762 2208 876 2250 nulla
900 2206 1101 2250 confusio
1130 2209 1185 2250 sit
1210 2209 1319 2251 inter
1341 2209 1453 2252 abla-

99 2279 231 2322 tivum
258 2289 298 2320 et
329 2291 565 2332 pronomen
591 2280 753 2335 quibus.
784 2280 894 2322 Vide
921 2291 1017 2334 pag.
1046 2294 1114 2334 39.

166 2445 235 2484 (η
258 2447 358 2480 Pium-a
385 2456 570 2489 supersunt
603 2448 777 2490 dicenda,
809 2456 889 2488 quae
917 2456 998 2480 usus
1035 2445 1138 2478 facile
1168 2445 1323 2478 docebit.

151 2512 243 2556 (**)
271 2516 398 2550 Eadem
422 2519 551 2553 anisio
577 2520 709 2553 casibus
735 2519 918 2562 utriusque
939 2517 1071 2552 numeti
1091 2513 1285 2558 saepissime
1311 2521 1364 2548 est
1391 2514 1440 2547 si·

113 2572 287 2606 militudo.
