1904 3220
437 229 492 271 24
859 218 1337 266 STnNocRAPmA

491 313 641 358 Tertia
684 328 866 370 persona
901 319 1130 374 singularis
1167 321 1418 374 simpliciter
1451 320 1618 376 signis,
1641 321 1794 366 modos

435 394 479 428 et
503 394 696 440 tempora
726 388 1052 444 exhibentibus,
1078 391 1336 447 depingitur.
1366 392 1478 436 Tab.
1509 405 1548 446 3.

491 513 631 557 Prima
663 524 703 556 et
732 518 920 561 secunda
949 531 1132 574 persona
1161 519 1324 562 numeri
1358 520 1534 574 pluralis
1570 529 1804 574 repraesen-

438 589 585 626 tantur
608 582 809 637 circulis,
843 589 893 630 ad
924 587 1048 631 finem
1077 588 1299 644 signorum
1339 589 1563 649 connexis.

488 710 662 755 Rursus
716 714 852 767 prima
898 728 1082 769 persona
1128 716 1389 771 positionem
1433 718 1471 760 O
1516 717 1718 768 obtinet,
1757 723 1809 757 ut

438 780 552 823 Tab.
580 797 624 835 4.
658 783 719 825 N.
740 785 766 811 0
800 788 852 827 6:
899 786 1088 829 secunda
1119 787 1222 830 vero
1249 785 1509 840 positionem
1539 786 1703 846 vocalis
1732 800 1804 828 an.

435 850 550 896 Tab.
578 868 620 907 4.
646 855 706 898 N.
729 856 754 883 0
794 868 834 908 7.
866 857 959 913 (*>

490 979 669 1024 Vocalis
692 982 723 1025 I
748 982 1084 1039 Stenographica
1110 1015 1124 1037 ,
1159 984 1283 1027 initio
1320 993 1542 1036 notarum,
1577 983 1732 1026 modos
1765 991 1809 1025 et

435 1057 630 1104 tempora
660 1052 978 1107 exhibentium,
1005 1054 1187 1110 juncta,
1216 1054 1378 1098 tertiam
1407 1068 1634 1110 personam
1665 1055 1808 1110 plura-

436 1120 521 1163 lem
549 1123 740 1167 denotat.
771 1124 884 1168 Tab.
914 1142 958 1180 4.
989 1128 1050 1170 N.
1071 1128 1097 1154 0
1133 1132 1174 1170 8.

489 1245 591 1288 Huc
628 1260 766 1302 usque
797 1250 1010 1295 dictorum
1044 1252 1141 1295 vide
1177 1253 1365 1307 exempla
1398 1252 1590 1307 quaedam
1621 1250 1736 1294 Tab.
1758 1264 1802 1303 4.

434 1316 498 1361 N·
520 1318 545 1344 0
582 1334 624 1373 9.
652 1322 902 1377 Facieham,
925 1323 1110 1379 faciebas
1129 1355 1144 1378 ,
1171 1325 1387 1380 fhciebat3
1420 1327 1705 1375 omiseramus,
1736 1321 1805 1364 de-

433 1386 623 1441 dissetis,
649 1390 863 1436 dedissent.

538 1526 608 1558 DF.
651 1528 986 1562 NEGATIONE
1025 1530 1094 1561 ET
1137 1527 1698 1562 INTERROGATIONE-

489 1639 540 1684 In
563 1641 710 1695 lingua
728 1643 858 1685 latina
883 1644 1124 1697 vocabula,
1155 1644 1370 1698 negationi
1407 1655 1447 1686 et
1482 1645 1810 1698 interrogationi

436 1709 740 1763 inservientia,
775 1713 887 1766 saepe
908 1744 920 1765 ,
951 1714 1099 1755 multis
1141 1714 1232 1756 aliis
1275 1713 1573 1768 interpositis,
1606 1714 1629 1755 a
1657 1714 1804 1756 Verbo

434 1791 711 1834 separantur:
745 1784 879 1837 signis
912 1784 1011 1837 ergo
1045 1797 1170 1837 quae,
1204 1785 1452 1838 segregatim
1492 1784 1659 1839 posita,
1700 1796 1810 1828 nun-

436 1852 566 1904 quam
598 1852 809 1896 confundi
840 1863 1057 1908 possunt,
1086 1865 1188 1898 sunt
1217 1855 1504 1909 exprimenda.

487 1977 588 2024 Non
617 1979 862 2034 designatur
899 1980 1003 2023 nota
1034 2011 1571 2026 ........
1661 2013 1675 2026 .
1763 1992 1797 2023 s
1832 2010 1842 2013 <

493 2091 600 2137 An?
637 2092 720 2136 ne?
754 2091 885 2135 num?
931 2121 1696 2137 ...........
1762 2106 1790 2138 x

493 2207 566 2253 An
587 2220 663 2249 non
684 2203 706 2245 ⁶?
737 2219 863 2248 norme
882 2204 904 2246 ?
937 2233 1703 2248 ...........
1772 2226 1808 2274 A

490 2319 600 2362 Haec
639 2319 760 2373 signa
795 2330 962 2372 semper
986 2316 1029 2360 in
1054 2317 1277 2373 scripturae
1312 2317 1422 2360 linea
1453 2316 1652 2371 ponenda
1687 2326 1805 2359 sunt.

911 2439 958 2446 ..—

494 2509 589 2554 (*)
614 2511 666 2544 De
698 2512 872 2553 positione
907 2512 1079 2543 vocalium
1109 2521 1129 2544 ο
1156 2519 1191 2546 et
1219 2521 1289 2554 an,
1317 2511 1398 2544 vide
1431 2512 1571 2554 paginas
1598 2518 1633 2551 13
1658 2516 1695 2543 et
1724 2515 1789 2552 143

450 2570 532 2604 vide
554 2568 697 2616 quoque
728 2572 947 2613 paradigma,
975 2572 1061 2604 Tab.
1090 2576 1120 2603 2.
