1904 3220
540 280 796 312 axAcTA.
1305 277 1359 322 37

19 372 180 427 scripto
212 378 568 426 repraesentatum.
609 369 713 412 Haec
746 367 916 412 nomina
949 365 1060 423 saepe
1094 366 1292 410 desinunt
1315 365 1359 410 in

17 444 156 487 Ensis.
195 443 466 488 Gandavensis
487 472 502 494 ‚
537 441 832 492 Bruxellensis,
854 450 1078 484 montanus.

72 569 188 612 Nota
214 579 372 623 quartae
410 566 588 620 classis,
618 565 661 608 in
694 565 915 620 scripturae
942 565 1053 608 linea
1083 562 1252 618 posita,
1277 562 1358 617 sig-

14 639 160 682 nificat
189 640 442 682 vocabulum
479 638 623 680 incola.

16 811 19 818 ³
71 763 117 806 In
157 764 531 807 contractionibus
561 760 713 814 logicis
757 772 888 815 genus
918 760 1167 804 femininum
1205 760 1363 803 indica-

16 839 86 875 tur
111 865 126 886 ,
164 835 199 876 si
235 835 344 876 not'ae
377 831 493 877 iin‘ea
524 832 640 875 'recta
672 831 930 886 incipiantur
953 863 969 885 ‚
1004 843 1045 874 et
1081 831 1366 875 semi-circulo

14 904 310 947 terminentur.

70 1028 274 1082 Exempla
332 1029 522 1081 quaedam
580 1025 833 1069 exhibentur
880 1026 968 1069 tab.
1016 1039 1059 1079 4.
1121 1027 1183 1069 N.
1203 1026 1230 1053 0
1290 1039 1362 1078 40.

10 1099 181 1154 Opt‘fex‚
200 1101 476 1155 stenographia
500 1129 514 1150 ‚
535 1098 886 1153 stenographorum
903 1127 918 1147 ‚
933 1097 1173 1140 Christianis
1189 1126 1203 1146 ‚
1228 1108 1367 1138 consu-

12 1170 117 1213 latus
133 1200 149 1221 ,
172 1169 506 1213 Amstelodamum
526 1201 540 1222 ‚
566 1167 897 1214 Gandavensihus
912 1197 927 1218 ,
950 1169 1234 1224 procuratrix.

82 1460 472 1517 APPENDIX
506 1460 608 1514 AD
644 1456 1303 1515 CONTRACTIONES.

543 1613 848 1642 *ΗΜΨΜ

69 1749 203 1791 Notae
232 1746 512 1802 sequentibus
540 1745 911 1790 terminationibus
934 1745 1239 1797 inservientes,
1262 1757 1371 1787 sem-

15 1820 93 1873 per
130 1827 230 1872 post
271 1817 470 1862 vocabuli
517 1827 680 1870 partem
717 1816 917 1871 scriptam
956 1846 972 1870 ,
1015 1824 1056 1858 et
1093 1813 1204 1858 infra
1236 1815 1370 1870 scrip-

16 1899 122 1933 turae
153 1891 303 1934 lineam
336 1898 584 1946 ponuntur:

66 2033 166 2076 Ulus
200 2031 267 2074 vel
302 2033 404 2075 ullus
429 2060 445 2083 ‚
480 2043 506 2073 a
531 2062 547 2084 ,
590 2045 656 2075 um
689 2030 884 2086 pingitur
912 2056 1223 2072 .....
1339 2031 1364 2084 )

67 2158 198 2209 Ctus,
226 2171 280 2209 a,
317 2171 412 2209 um,
458 2185 766 2198 .....
826 2213 829 2217 ἱ
829 2182 1213 2198 ......
1304 2173 1360 2187 -·-

72 2312 412 2357 Terminationes
441 2329 624 2373 cunque,
649 2315 774 2366 libet,
797 2316 882 2365 vis,
911 2324 1003 2367 quae
1029 2312 1072 2355 in
1101 2310 1369 2367 pronomini-

13 2383 97 2426 bus
137 2394 178 2426 et
207 2386 417 2429 adverbiis
456 2387 710 2441 quibusdam
750 2394 983 2429 occurrunt
1007 2415 1022 2437 ‚
1066 2393 1367 2439 repraesentare

13 2453 112 2495 licet
153 2457 292 2498 vocali
323 2461 339 2499 i
373 2457 731 2512 stenographica,
767 2466 868 2511 post
902 2454 1083 2498 radicem
1118 2454 1291 2508 quoque
1331 2460 1374 2493 et

13 2523 125 2566 infra
158 2525 376 2579 scripturae
405 2528 560 2571 lineam
584 2529 762 2582 posita;
803 2537 850 2570 ut
879 2527 920 2570 in
961 2526 1180 2569 vocabulis
1205 2537 1217 2566 ι
1256 2523 1367 2582 Qui-

12 2608 197 2650 cunque,
224 2596 388 2652 quilibet
412 2627 427 2651 ,
459 2601 606 2654 quivis.
646 2598 692 2641 Si
717 2597 818 2644 verb
856 2598 931 2641 has
955 2596 1070 2653 ipsas
1106 2597 1217 2641 inter
1237 2589 1380 2637 termi—
