1904 3220
592 341 854 386 nxACTA„
1360 349 1412 394 19

113 430 224 472 Dum
250 429 281 474 S
307 427 478 472 effertur
504 429 636 473 veluti
665 433 707 477 Z
717 461 732 486 ‚
759 441 850 475 tum
887 434 1060 489 quoque
1094 435 1217 490 signo
1241 439 1287 484 Z
1308 439 1413 483 scri-

59 501 199 544 batur.

109 626 280 679 Verbo,
306 628 474 682 semper
495 629 544 671 ad
573 630 971 684 pronunciationem
989 665 1004 685 ‚
1035 643 1077 677 et
1116 638 1334 691 nunquam
1359 637 1415 683 acl

59 698 385 751 incongruentes
432 701 655 754 scripturae
698 704 937 747 communis
987 705 1100 759 leges
1153 709 1415 753 attendatur.

57 768 168 814 Tab.
194 768 239 810 N
243 770 285 812 ‚9
317 784 385 825 32.
404 772 654 828 Conscmpti,
678 775 783 826 scio,
811 777 984 830 spatium
1001 806 1014 827 ‚
1031 791 1148 830 rosae,
1172 781 1305 831 actio,
1329 789 1415 822 etc.

111 897 297 952 Expedit
323 899 496 952 quoque
520 910 620 954 post
634 900 812 943 litteram
835 901 1097 962 Qvocalem
1128 905 1174 948 U
1192 905 1421 959 omittere,'

61 981 185 1022 quam
210 968 324 1010 Galli
352 968 510 1020 saepius
540 982 626 1010 non
660 972 964 1022 pronunciant.
1002 973 1214 1026 Imprimls
1253 974 1296 1017 id
1323 975 1418 1019 fieri

64 1048 206 1091 potest
223 1069 236 1090 ‚
263 1037 298 1079 si
327 1037 465 1080 littera
485 1037 530 1081 E
545 1069 559 1090 ‚
582 1037 648 1079 vel
672 1038 725 1091 J,
743 1039 932 1087 vocalem
948 1041 993 1088 U
1001 1051 1222 1096 sequatur.
1241 1043 1354 1089 Tab.
1375 1059 1417 1088 1.

56 1107 147 1153 N.⁰
177 1120 244 1163 33.
271 1107 387 1173 Qui,
411 1122 525 1165 quae,
546 1107 669 1165 quod.

107 1233 195 1289 Qui
229 1234 381 1276 volunt
411 1242 458 1275 ut
489 1234 539 1277 H
558 1242 723 1288 guttere
752 1234 976 1287 efferatur,
1003 1236 1031 1278 ii
1057 1249 1186 1291 supra
1211 1238 1277 1280 vel
1304 1239 1418 1284 infra

59 1305 248 1346 vocalem
273 1304 465 1358 proxime
492 1305 542 1348 H
563 1313 811 1358 sequentem
828 1336 843 1357 ,
872 1306 1070 1348 lineolam
1103 1306 1418 1352 horizontalem

62 1383 239 1429 ponant.
280 1374 394 1416 Tab.
430 1389 466 1416 1.
503 1374 589 1416 NJ²
633 1388 700 1428 34.
740 1376 889 1421 Herus.
922 1377 1006 1418 Ast
1036 1376 1079 1419 in
1113 1376 1290 1421 minutis
1323 1378 1422 1422 istis

62 1457 229 1488 omnem
262 1444 511 1496 scrupulum
542 1443 808 1484 eximendum
836 1458 929 1486 esse
956 1455 1083 1498 puto·

116 1571 199 1613 Hic
216 1567 429 1613 scribendi
446 1566 598 1609 modus
624 1566 824 1608 omnibus
842 1567 1043 1608 convenit
1064 1570 1265 1624 populis3
1285 1584 1421 1625 quan·

64 1641 189 1695 quam
218 1651 361 1681 eorum
387 1634 688 1691 pronunciatio
715 1643 900 1677 transeat
925 1634 967 1676 in
992 1635 1225 1680 diversum.

113 1767 202 1824 Qui
231 1766 413 1808 litteram
448 1764 568 1807 aliam
608 1763 660 1810 ad
698 1762 818 1805 aliam
862 1762 1040 1806 classem
1078 1764 1299 1820 referunt,
1328 1781 1419 1813 eam

62 1841 195 1895 signis
229 1838 330 1881 huic
377 1837 502 1880 classi
538 1835 891 1879 convenientibus
927 1835 1121 1890 pingant.
1172 1837 1308 1892 Igitur
1345 1842 1420 1895 qui

63 1925 123 1968 g,
147 1919 243 1952 ante
266 1923 286 1951 e
306 1907 412 1949 veli
439 1906 651 1961 positam,
693 1905 945 1958 gutturalem
974 1905 1137 1957 velint3
1171 1920 1259 1949 eam
1295 1908 1420 1967 signo

61 1977 347 2034 gutturalibus
380 1973 718 2019 consonantibus
755 1971 971 2014 communi
1004 1985 1340 2029 repraesentent3
1378 1988 1421 2020 et

65 2049 123 2090 ita
144 2048 194 2090 de
215 2045 395 2089 caeteris.
424 2044 647 2087 Gallorum
676 2052 814 2084 tamen
840 2043 1238 2096 pronunciationem
1271 2046 1325 2089 ad
1352 2060 1419 2102 ce·

62 2117 268 2160 letitatem
287 2114 480 2158 conferre
500 2113 712 2158 existimo.

121 2228 250 2271 Dices
279 2227 452 2269 dubium
485 2228 631 2269 adesse
665 2237 825 2279 posse,
858 2233 906 2267 ut
931 2225 1004 2268 in:
1031 2237 1172 2282 gentes
1200 2237 1241 2269 et
1265 2230 1416 2287 sentes·

65 2297 270 2341 Defectus
295 2297 402 2339 idem
436 2296 579 2338 existit
602 2295 644 2339 in
665 2296 890 2340 Gallorum
916 2297 1298 2349 pronunciatione:
1330 2299 1417 2342 imo

66 2367 321 2421 quandoque
366 2380 442 2409 nec
480 2366 836 2420 pronunciatione
880 2377 957 2406 nec
992 2366 1203 2418 scriptura
1244 2367 1418 2420 quidem

69 2439 252 2480 ullorum
275 2437 534 2491 populorum
553 2435 701 2480 evitari
727 2444 890 2490 potest.
922 2433 984 2477 Ut
1009 2434 1051 2478 in
1066 2436 1204 2490 fucis,
1229 2437 1252 2479 ἐι
1276 2438 1414 2493 faci03

71 2518 113 2551 et
128 2508 262 2563 facis,
296 2508 320 2550 ὸ.
338 2507 439 2564 fax.

124 2633 235 2677 Sunt
262 2632 336 2689 qui
367 2632 533 2687 semper
556 2648 584 2677 u
613 2641 663 2675 ut
690 2632 881 2678 vocalem
913 2630 1121 2677 Gallicam
1146 2648 1194 2678 ou
1226 2645 1419 2689 pronun·
