1904 3220
421 286 474 328 32
896 266 1364 311 STENOGRAPHIA

416 368 509 411 tivo
544 375 585 409 et
614 363 800 408 ablativo
818 396 833 417 ‚
868 366 920 406 ad
948 365 1154 408 dextram.
1185 365 1495 408 Nominativus
1522 365 1616 422 (*)
1644 366 1789 419 singu-

416 438 518 482 laris
545 437 790 490 designatur
813 435 936 488 signo
967 435 1222 488 simpliciter
1247 436 1378 478 radici
1403 437 1587 491 adjecto.
1606 437 1718 478 Tab.
1744 450 1787 488 4.

413 510 478 552 N.
496 509 523 536 0
566 523 633 562 32.
669 507 948 560 Amahilitas,
974 507 1270 561 amabilitatis,
1292 509 1568 560 amabilitati,
1598 510 1789 553 amabili-

415 591 540 624 tatem
554 610 569 631 ,
595 578 867 622 amabilitate.

470 691 522 733 In
549 701 724 732 numero
749 688 930 743 plurali,
965 689 1081 732 notis
1113 691 1243 732 radici
1273 692 1447 746 adjectis
1465 692 1663 735 connecti
1689 704 1790 746 pos-

416 771 518 804 sunt
546 760 711 802 circuli.
748 760 831 802 Pro
854 760 1043 813 genitivo
1070 769 1112 801 et
1137 762 1385 804 accusativo
1409 762 1532 807 initio
1559 763 1669 817 signi
1692 762 1795 817 jun-

413 842 598 886 gantur3
631 843 711 884 pro
741 830 885 872 dativo
909 840 950 871 et
979 830 1166 872 abiativo
1184 861 1198 882 ‚
1228 830 1318 872 fini.
1357 831 1591 873 Genitivus
1620 842 1661 872 et
1686 831 1793 873 dati-

420 914 504 944 vus
530 900 729 943 obtinent
755 897 1013 952 positionem
1041 899 1202 941 vocalis
1225 900 1291 952 03
1320 902 1593 943 accusativus
1619 909 1658 942 et
1679 900 1795 942 abla-

417 970 534 1013 tivus
556 1001 570 1021 ‚
624 968 786 1010 vocalis
838 967 1073 1020 nasiloquae
1120 983 1191 1009 an.
1251 969 1561 1012 Nominativus
1616 969 1793 1023 pluralis

421 1049 752 1098 repraesentatur
771 1039 990 1094 jungendo
1025 1041 1213 1082 vocalem
1237 1040 1267 1082 l
1305 1041 1428 1082 initio
1461 1051 1658 1083 notarum
1690 1040 1803 1083 radi·

421 1113 544 1156 cibus
573 1112 850 1165 adjectarum.
886 1109 1000 1151 Tab.
1035 1125 1079 1163 4.
1107 1111 1168 1152 N.
1189 1111 1217 1137 0
1255 1124 1325 1164 33.
1360 1112 1711 1162 Demonstrativi,
1735 1126 1800 1153 sa—

418 1192 714 1226 cramentorum
736 1209 750 1232 9
790 1179 1123 1235 magnificorum,
1156 1180 1367 1237 officiorum
1385 1211 1399 1234 ,
1433 1183 1697 1234 necessariis,
1727 1181 1798 1225 cle-

421 1253 719 1296 monstrativos.

470 1365 573 1408 Hoc
610 1364 739 1417 igitur
763 1363 804 1406 in
836 1376 939 1404 casu
975 1364 1192 1417 genitivus
1223 1364 1401 1418 pluralis
1426 1363 1657 1417 respondet
1686 1363 1794 1415 Ver-

417 1436 575 1478 borum
604 1434 751 1486 primae
768 1464 780 1483 ‚
813 1442 854 1472 et
875 1431 1147 1472 accusativus
1168 1433 1366 1474 secundae
1389 1444 1583 1486 personae
1608 1431 1797 1486 singula-

415 1505 475 1548 ris
503 1502 700 1554 numeri3
734 1500 904 1543 dativus
924 1500 1099 1553 primae,
1123 1510 1163 1541 et
1193 1502 1404 1544 ablativus
1432 1502 1630 1544 secundae
1649 1515 1798 1556 perso-

413 1588 481 1619 nae
509 1572 675 1616 numeri
694 1569 893 1624 pluralis.
923 1569 1036 1611 Tab.
1064 1583 1108 1622 4.
1133 1570 1196 1611 N.
1220 1571 1246 1596 0
1275 1587 1330 1624 4,
1363 1585 1418 1624 5,
1447 1574 1473 1615 6
1506 1582 1548 1613 et
1582 1585 1625 1624 7.

468 1682 782 1728 Nominativus
807 1680 985 1735 pluralis
1006 1681 1237 1734 respondet
1255 1681 1390 1723 tertiae
1406 1694 1601 1735 personae
1623 1684 1792 1736 plurali.

414 1755 530 1799 Tab.
553 1769 597 1808 4.
624 1753 686 1795 N.
707 1753 733 1779 0
763 1755 814 1804 83
853 1761 893 1793 et
915 1750 1207 1794 nominativus
1237 1751 1464 1806 singularis
1492 1753 1628 1796 tertiae
1645 1766 1795 1807 perso-

416 1840 483 1870 nae
514 1824 737 1879 singulari.
769 1823 883 1866 Tab.
919 1837 959 1878 3.

473 1938 520 1981 Si
543 1936 858 1979 semi-circulus
877 1965 891 1987 ,
919 1935 1230 1978 nominativum
1255 1945 1562 1989 repraesentans
1578 1969 1592 1989 ,
1618 1939 1685 1981 vel
1715 1939 1796 1980 cir·

417 2009 533 2060 culi,
561 2006 795 2060 genitivum
822 2014 864 2046 et
897 2005 1188 2047 accusativum
1215 2004 1483 2057 indicantes,
1518 2008 1632 2049 notis
1665 2008 1797 2061 parti-

418 2079 531 2134 cipia
553 2075 875 2129 designantibus
899 2074 1105 2128 jungendi
1128 2075 1241 2127 sint3
1272 2085 1491 2129 ponantur
1510 2076 1617 2118 inter
1649 2089 1795 2121 arcum

419 2151 583 2203 (notas
608 2147 712 2188 istas
734 2145 1044 2200 incipientem)
1062 2153 1102 2184 et
1118 2145 1268 2186 lineam
1297 2155 1454 2187 rectam
1478 2147 1626 2199 (ipsas
1654 2149 1797 2189 termi-

417 2219 645 2274 nantem).
683 2217 795 2259 Tab.
830 2231 872 2270 4.
918 2216 1021 2258 N.0
1064 2228 1130 2270 34.
1173 2216 1451 2260 Amandorum
1475 2248 1490 2271 ,
1527 2221 1753 2262 amantium
1778 2251 1795 2273 ‚

420 2289 627 2335 amandos.

473 2401 645 2444 Eaedem
674 2402 827 2456 regulae
856 2401 1051 2444 obtinent
1077 2400 1119 2443 in
1151 2400 1321 2442 casibus
1351 2401 1693 2444 contractionum
1729 2415 1794 2445 se-

488 2551 557 2596 (2‘)
581 2554 834 2588 Accusativum
852 2557 973 2589 eodem
1006 2555 1106 2589 modo
1134 2551 1336 2598 plerumque
1364 2553 1541 2596 designare
1575 2553 1626 2588 fas
1655 2562 1722 2588 est.
