1904 3220
609 261 858 292 EXAcTA.
1381 268 1429 309 13

132 354 308 409 Signum
346 352 386 393 Ο
423 347 607 391 referens
646 350 809 403 semper
846 348 905 393 ad
949 352 1153 394 sinistram
1198 350 1433 396 litterarum

75 421 418 465 descendentium
455 419 522 460 vel
557 421 899 472 ascendentium,
931 432 1045 477 super
1069 423 1354 467 horizontales
1393 434 1433 467 et

80 494 185 535 semi
208 492 391 535 circulos
419 489 442 530 a
469 487 643 531 sinistra
677 491 862 532 dextram
899 491 1048 534 versus
1081 504 1331 546 pergenteS‚
1356 506 1435 548 po-

80 563 216 606 nitur:
242 561 356 605 Tab.
392 571 430 600 1.
456 558 542 600 Ν.ο
568 569 608 611 5.
635 561 697 615 Op
715 559 790 614 ‚fo
809 589 824 611 ‚
851 560 900 603 do
920 591 934 612 ,
965 576 1036 613 co,
1063 577 1132 615 so,
1158 565 1225 616 ol,
1255 579 1319 607 no.

131 672 196 724 A,
224 671 345 714 initio
361 670 557 712 vocabuli
584 679 624 712 et
643 680 737 713 ante
753 680 1056 713 consonantem
1075 673 1213 724 posita
1229 704 1242 723 ‚
1264 674 1426 718 circulo

79 743 250 797 quoqne
290 740 527 794 pingetur3
566 741 641 795 qui
676 741 778 783 vero
817 751 1002 795 ponetur
1032 741 1089 784 acl
1121 742 1302 786 dextram
1339 746 1434 787 des-

73 811 340 853 cendentium
375 810 440 850 vel
473 811 788 853 ascendentium
821 820 1016 853 notarum
1044 844 1059 864 ‚
1088 813 1198 867 infra
1229 814 1431 858 horizon-

75 883 179 924 tales
205 891 249 923 et
283 880 594 922 semi-circulos
626 883 649 922 a
683 881 855 923 sinistra
885 884 934 922 ad
971 883 1157 926 dextram
1193 886 1429 928 tendentes.

77 949 186 991 Tab.
220 964 257 991 1.
278 948 367 990 N.‘'
396 950 437 989 6.
466 948 561 1001 Ad,
589 963 641 990 ac
663 979 677 1000 ‚
708 964 756 991 as
775 980 789 1001 ‚
813 963 912 1001 am,
934 953 1011 1001 al,
1042 967 1112 993 an.

126 1059 165 1101 A
182 1090 196 1111 .,
220 1057 464 1111 segregatim
482 1089 495 1110 ‚
519 1059 584 1101 vel
616 1059 737 1102 initio
764 1060 963 1103 vocabuli
989 1071 1084 1103 ante
1108 1063 1294 1106 vocalem
1314 1095 1335 1116 „
1361 1073 1434 1106 aut

72 1129 211 1173 medio
243 1131 306 1170 vel
337 1128 417 1171 fine
453 1129 572 1171 verbi
600 1130 740 1184 posita
771 1162 786 1182 ‚
819 1131 985 1184 semper
1022 1132 1435 1185 figuramsemi·ci1·-

72 1199 159 1243 culi
181 1199 374 1242 assumit.
406 1198 452 1240 ld
478 1198 564 1241 fieri
595 1200 767 1253 quoque
800 1209 945 1253 potest
970 1201 1091 1243 initio
1115 1203 1313 1244 vocabuli
1335 1212 1434 1245 ante

76 1279 382 1313 consonantem
413 1300 427 1320 ‚
458 1268 494 1310 si
527 1268 727 1312 confusio
764 1270 861 1312 inde
909 1282 995 1315 non
1023 1271 1197 1316 oriatur.
1245 1271 1356 1316 Tab.
1392 1287 1431 1316 1.

73 1339 162 1383 qu
191 1351 230 1389 7.
261 1339 330 1389 A,
356 1355 431 1390 ae,
457 1354 535 1391 ao,
563 1350 675 1392 mat,
700 1355 776 1392 sa,
806 1349 867 1382 at.

126 1448 449 1490 'Semi-circulus
497 1463 523 1490 u
566 1447 750 1488 referens
789 1450 1046 1504 quandoque
1089 1454 1357 1497 ascendendo
1391 1463 1434 1497 et

76 1517 333 1571 quandoque
371 1516 666 1556 descendendo
696 1515 950 1568 conficitur,
978 1529 1020 1559 et
1046 1522 1211 1573 semper
1233 1523 1283 1564 ad
1310 1522 1436 1566 sinis·

73 1599 180 1631 tram
209 1597 402 1629 notarum
427 1584 743 1627 ascendentium
769 1586 833 1627 vel
863 1585 1206 1632 descendentium
1236 1594 1429 1645 ponitur.

74 1660 187 1703 Tab.
221 1671 257 1700 1.
283 1659 369 1700 NJ*
402 1659 440 1698 8.
471 1655 594 1712 Jur,
620 1670 723 1709 nur,
744 1656 818 1711 fur
837 1687 851 1709 ,
879 1657 987 1710 dur,
1013 1674 1058 1702 us
1077 1690 1090 1711 ,
1115 1671 1266 1706 textus.

126 1770 245 1813 Nota
291 1770 380 1811 haec
429 1768 616 1821 suppleri
666 1776 811 1822 potest
863 1779 1026 1822 puncto
1076 1784 1203 1825 supra
1248 1775 1430 1822 litteram

74 1841 268 1897 proxime
304 1838 608 1894 praecedentem
631 1839 792 1893 posito.
822 1838 933 1881 Tab.
965 1855 1002 1883 1.
1040 1842 1132 1884 N.⁰
1154 1858 1201 1897 9.
1228 1847 1352 1890 Suclo.

128 1952 280 1995 Medio
296 1950 603 1994 vocabulorum
628 1959 832 2004 punctum
850 1965 897 1992 eu
919 1950 1161 2005 significans
1183 1955 1290 1999 infra
1319 1958 1429 2001 litte-

74 2036 161 2067 ram
189 2021 379 2076 proxime
408 2022 711 2073 praecedentem
739 2019 944 2073 ponitur3
974 2022 1095 2065 initio
1119 2035 1255 2068 autem
1273 2037 1323 2069 ,et
1347 2029 1429 2072 fine

72 2093 299 2147 vocabuli,
317 2092 358 2134 in
371 2091 591 2147 scripturae
605 2090 728 2133 linea.
745 2089 856 2133 Tab.
877 2103 912 2132 1.
938 2091 1023 2135 N.⁰
1044 2108 1110 2136 10.
1131 2097 1263 2140 Peuce
1277 2129 1290 2149 ‚
1307 2114 1422 2156 eug&

126 2206 289 2248 Puncta
318 2215 447 2257 supra
478 2203 543 2245 vel
578 2202 685 2246 infra
721 2203 977 2247 vocabulum
1011 2208 1206 2259 ponenda
1232 2239 1246 2260 ‚
1291 2210 1426 2254 lineo·

12 2306 22 2319 ι
72 2277 209 2328 laeque
239 2274 546 2329 distinguentes
580 2274 794 2327 nunquam
828 2274 1072 2326 adduntur,
1102 2277 1182 2317 nisi
1212 2280 1423 2325 vocabulo

73 2347 197 2404 plane
233 2346 393 2401 scripto
417 2360 431 2399 3
466 2355 619 2399 atque,
646 2346 682 2388 si
702 2355 867 2399 tempus
882 2344 992 2388 desit
1008 2378 1022 2400 ‚
1046 2348 1186 2390 omitti
1208 2362 1421 2405 possunt:

78 2421 226 2475 postea
255 2419 363 2462 inter
391 2419 612 2475 legendum
645 2419 909 2475 adjicientur.

134 2531 295 2575 Circuli
326 2543 459 2576 sonos
492 2532 742 2586 nasiloquos
775 2531 840 2575 On
868 2540 909 2574 et
937 2531 1007 2575 An
1035 2533 1263 2578 referentes
1290 2537 1420 2591 duplo

81 2609 181 2645 sunt
205 2602 383 2660 tnaJ‘ores
413 2601 538 2657 quam
576 2602 650 2657 qui
683 2604 721 2649 Ο
756 2612 798 2647 et
834 2603 881 2648 A
910 2601 1110 2648 initialem
1142 2605 1418 2661 significanti,
