1904 3220
649 287 898 319 nxncrn.
1401 285 1456 330 43

169 378 471 422 Consonantes
519 390 547 418 x
587 384 626 418 et
669 392 710 420 sc
759 383 1077 431 componuntur
1115 387 1166 416 ex
1210 386 1318 417 sono
1358 374 1461 416 sibi-

117 448 228 491 lante
273 457 313 490 et
351 446 595 503 gutturali3
643 446 777 500 magis
818 456 954 489 autem
1001 459 1109 488 sono
1149 446 1200 488 ad
1247 445 1462 488 sibilantes

115 517 324 559 accedunt
349 547 363 569 ,
395 525 521 570 atque
558 514 653 557 ideo
689 515 796 557 inter
833 529 904 559 eas
943 525 1229 559 numerantur.

170 629 227 671 Ch
251 629 302 670 ad
330 629 566 682 gutturales
593 636 758 683 spectat
790 626 833 670 in
866 627 1009 681 lingua
1045 627 1203 680 latina;
1242 627 1283 670 in
1317 626 1466 681 gallica

118 698 225 740 vero
257 698 308 740 ad
341 699 574 741 sibilantes.

173 797 358 853 Quando
399 798 607 841 vocalisi
662 797 849 840 vocalem
893 810 915 838 e
951 795 1145 849 sequitur
1180 827 1194 847 ‚
1246 796 1309 838 hae
1354 805 1465 837 notae

121 880 208 909 non
251 869 490 909 coalescant
516 898 531 919 ‚
570 867 605 908 si
636 866 834 909 confusio
873 865 1087 908 timeatur.
1138 864 1187 906 Id
1233 864 1384 908 accidit
1424 865 1467 907 in

121 936 364 979 nominibus
395 945 554 989 quartae
592 933 918 986 declinationis,
956 935 998 976 in
1033 933 1244 976 vocabulo
1274 937 1311 977 ei
1335 964 1349 985 ,
1384 943 1465 976 etc.

173 1049 293 1092 Nota
331 1049 518 1092 vocalem
548 1048 738 1104 gallicam
773 1064 825 1093 ou
852 1048 1091 1103 exprimens
1112 1080 1128 1102 ‚
1161 1049 1205 1091 in
1237 1049 1382 1103 lingua
1413 1049 1471 1091 la·

121 1119 210 1162 tina
245 1134 272 1162 u
305 1128 592 1172 repraesentat.
627 1119 720 1176 (*)
1209 1114 1211 1116 ’

177 1217 424 1271 Aliquando
459 1231 539 1271 pro
569 1218 693 1272 signo
727 1207 809 1261 alio
838 1219 949 1262 aliud
986 1220 1170 1262 scribere
1204 1218 1319 1261 licet.
1343 1219 1472 1261 Tuum

128 1289 337 1331 scribatur
379 1300 492 1332 tuum
518 1321 533 1342 ,
578 1291 645 1331 vel
682 1301 828 1342 tuom3
868 1301 1048 1347 pompaf,
1097 1301 1284 1346 tempus,
1328 1303 1472 1346 quem,

128 1368 296 1401 matrem
315 1389 329 1410 ‚
354 1374 529 1400 amarem
547 1388 561 1409 ‚
590 1360 745 1415 justam
771 1358 1010 1401 scribantur
1037 1372 1048 1400 ε
1082 1370 1225 1416 ponpa
1242 1389 1255 1411 ,
1294 1369 1463 1415 tenpus,
1526 1360 1535 1366 “

136 1444 238 1485 quen
265 1459 279 1481 ‚
324 1438 506 1480 matr-en,
548 1442 745 1479 amaren,
771 1428 934 1486 justan.
965 1429 1073 1470 Vide
1098 1429 1208 1472 Tab.
1240 1439 1281 1480 5.

177 1540 487 1595 Diphthongus
520 1553 574 1581 au
618 1538 816 1591 pingatur
848 1538 963 1580 notis
1000 1539 1339 1593 stenographicis
1377 1555 1432 1583 au
1457 1570 1483 1591 ‚2

125 1612 193 1653 vel
226 1625 272 1652 ao
291 1639 307 1660 ‚
342 1609 410 1649 vel
443 1606 694 1660 simpliciter
718 1619 774 1660 03
809 1618 882 1650 aut
917 1607 1126 1650 scribatur
1144 1619 1218 1652 aut
1242 1639 1257 1662 ‚
1282 1609 1349 1653 vel
1379 1620 1476 1663 aot,

123 1679 193 1723 vel
226 1677 377 1733 potins
410 1687 463 1720 ot.

161 1778 295 1835 ‘Quid
335 1787 451 1821 vetat
494 1778 701 1820 vocabula
749 1790 842 1831 quae
877 1778 993 1822 Galli
1036 1779 1059 1822 a
1092 1780 1260 1824 Latinis
1293 1778 1476 1824 mutuati

126 1861 266 1904 sunt,
303 1863 383 1893 nos
427 1851 598 1905 quoque
648 1851 698 1892 ab
747 1849 852 1903 ipsis
892 1850 1028 1893 Gallis
1070 1852 1297 1894 mutuari?
1342 1852 1476 1906 Igitur

130 1936 208 1977 pro
248 1933 412 1973 noster,
449 1931 582 1975 nostra
609 1951 625 1972 ,
659 1930 838 1963 nostrum
863 1951 877 1972 ‚
910 1919 1066 1975 fiunis,
1118 1923 1329 1964 scribatur
1352 1937 1366 1964 .·
1409 1936 1478 1964 no-

128 2003 189 2036 tre
212 2023 228 2044 a
261 1993 328 2034 vel
357 2002 481 2043 non,
515 2001 633 2034 notra
658 2022 672 2044 ,
707 2001 895 2044 notrum,
926 1992 1011 2047 fhr.
1057 1993 1400 2036 Terminationes
1433 1992 1478 2036 in

128 2062 283 2112 hundus
306 2094 322 2118 ,
364 2064 428 2107 ilis
450 2093 466 2116 ,
507 2066 597 2110 inus
622 2093 638 2116 ,
672 2061 768 2107 tudo
784 2055 806 2116 ¹,
855 2063 1095 2108 scribantur
1130 2065 1205 2109 bon
1229 2095 1246 2118 ,
1275 2067 1310 2110 il
1341 2094 1356 2117 ‚
1389 2066 1465 2116 in,

182 2243 278 2286 (³¹⁶)
302 2246 435 2278 Littera
462 2255 525 2288 w,
553 2252 633 2285 quae
659 2244 771 2284 Belgis
790 2267 800 2285 ‚
836 2238 956 2284 Angiis*
974 2268 985 2286 ‚
1014 2242 1162 2285 aliisque
1192 2245 1331 2286 populis
1362 2243 1471 2274 habe-

138 2312 197 2349 tur
226 2313 266 2337 ut
289 2313 479 2337 consonans
496 2329 506 2345 ‚
548 2312 639 2335 mera
665 2304 796 2335 vocalis
829 2311 909 2335 est:
941 2303 1187 2345 pronunciatur
1214 2303 1302 2335 enim
1331 2304 1429 2334 velut
1451 2310 1475 2332 a

139 2365 196 2394 vel
223 2371 293 2403 σας
320 2370 358 2394 ut
379 2363 415 2394 in
440 2362 617 2395 vocabulis
638 2370 647 2396 :
671 2362 766 2404 wel,
792 2356 943 2406 wagan,
960 2359 1084 2405 ἷψαιές
1110 2359 1195 2403 wife
1210 2383 1225 2404 ,
1248 2359 1472 2405 twenty-Igi-

143 2425 198 2453 tur
224 2431 255 2453 w
286 2421 445 2462 pingatur
461 2417 544 2453 notit
572 2419 833 2461 stenogr'aphica
856 2421 1010 2451 vocalem
1032 2428 1053 2450 u
1076 2419 1214 2450 latinam
1231 2419 1469 2461 exprimente3

146 2485 211 2509 nec
235 2486 322 2519 opus
348 2487 402 2511 est
431 2478 535 2511 ullam
571 2478 683 2526 facere
711 2478 981 2511 distinctionem.
1010 2475 1203 2517 Caeterixm,
1232 2484 1308 2519 post
1336 2481 1471 2515 tempus

147 2537 342 2577 quoddam,
373 2538 650 2580 stenographiam
673 2544 832 2572 exactam
858 2538 953 2572 hisce
977 2538 1102 2580 linguis
1128 2535 1333 2577 applicatam
1356 2533 1391 2567 in
1414 2533 1470 2564 lu·

147 2603 220 2628 cem
247 2597 349 2630 edere
376 2597 535 2632 conabor.
