1904 3220
473 276 528 326 48
914 275 1422 323 STENooRaPfflA

552 518 1016 576 ELUCIDATIO
1064 521 1375 579 TABULAE
1427 522 1753 596 QUINTAE

473 763 613 853 NE
627 825 698 856 Μο
725 815 912 869 unquam
935 816 1036 859 mihi
1049 849 1063 870 ‚
1079 815 1225 871 Scipio
1239 848 1251 870 ‚
1266 815 1536 872 persuadebit
1550 846 1564 867 ,
1580 823 1651 857 aut
1667 822 1829 867 patrem

472 892 594 924 tuum
620 882 827 938 Paulum,
850 897 922 930 aut
954 888 1064 931 duos
1093 901 1196 931 avos
1223 897 1322 931 tuos
1341 919 1354 941 ‚
1383 884 1558 931 Paulum
1592 873 1632 926 e't
1663 878 1833 926 Africa-

474 965 575 994 num
601 983 615 1005 ‚
651 966 724 997 aut
753 957 946 1000 Africani
972 967 1133 1012 patrem
1157 989 1172 1011 ‚
1203 967 1274 1001 aut
1308 966 1505 1012 patruum
1531 987 1546 1008 ‚
1575 964 1646 998 aut
1671 955 1831 997 multos

474 1033 725 1075 praestantes
765 1026 880 1070 viros
904 1058 919 1080 ‚
959 1041 1069 1082 quos
1114 1041 1359 1072 enumerare
1395 1042 1480 1071 non
1521 1036 1585 1069 est
1621 1037 1831 1076 necesse,

473 1103 592 1138 tanta
616 1110 707 1140 esse
731 1108 910 1142 conatos
928 1131 943 1153 ‚
976 1113 1069 1154 quae
1104 1101 1155 1143 ad
1183 1100 1446 1154 posteritatis
1472 1098 1714 1141 memoriam
1735 1108 1832 1150 per-

473 1167 696 1221 tinerent;
728 1169 808 1211 nisi
839 1170 980 1212 animo
1012 1179 1233 1212 cernerent
1263 1169 1554 1224 posteritatem
1579 1167 1631 1209 ad
1658 1178 1703 1208 se
1737 1176 1831 1220 per-

474 1235 622 1279 tinere.
653 1237 722 1280 An
754 1251 906 1282 censes
938 1239 1023 1293 (ut
1054 1241 1104 1282 de
1137 1253 1201 1282 me
1230 1239 1320 1294 ipse
1354 1236 1514 1293 aliquid
1542 1249 1657 1280 more
1682 1246 1832 1278 senum

474 1308 665 1364 glorier)
692 1322 756 1352 me
781 1319 925 1353 tantos
956 1311 1121 1354 labores
1149 1310 1326 1354 diurnos
1348 1320 1698 1362 nocturnosque,
1716 1305 1833 1350 domi

471 1379 718 1433 militiaeque
755 1391 1054 1435 suscepturum
1090 1380 1224 1422 fuisse
1249 1410 1265 1432 ‚
1303 1378 1341 1422 si
1373 1378 1520 1422 iisdem
1554 1378 1710 1421 finibus
1743 1377 1836 1431 glo-

475 1448 576 1490 riam
608 1462 738 1490 meam
762 1480 776 1500 ‚
802 1449 960 1502 quibus
981 1450 1138 1501 vitam,
1164 1461 1298 1491 essem
1320 1448 1657 1492 terminaturus?
1673 1448 1834 1491 Nonne

473 1518 625 1562 melius
645 1519 782 1561 multo
811 1518 965 1562 fuisset
987 1550 1002 1572 ,
1031 1519 1214 1562 otiosam
1245 1528 1410 1562 aetatem
1432 1551 1447 1572 ‚
1473 1529 1513 1561 et
1536 1518 1720 1572 quietam
1742 1516 1836 1559 sine

472 1590 563 1630 ullo
603 1589 747 1631 labore
768 1619 783 1641 ‚
813 1598 853 1630 et
888 1589 1165 1632 contentione
1206 1589 1425 1631 traducere
1458 1588 1479 1630 22
1520 1589 1602 1631 Sed
1632 1618 1647 1640 ‚
1685 1585 1833 1630 nescio

474 1658 726 1713 quomodo,
754 1658 920 1701 animus
955 1659 1118 1713 erigens
1153 1671 1198 1700 se
1220 1690 1235 1710 ‚
1267 1659 1558 1712 posteritatem
1589 1671 1755 1712 semper
1776 1658 1835 1702 ita

471 1727 759 1784 prospiciebat
783 1759 797 1781 ,
828 1730 983 1782 quasi,
1014 1741 1109 1771 cum
1134 1729 1383 1771 excessisset
1411 1729 1432 1770 ὲ
1461 1727 1548 1771 vita
1569 1759 1584 1781 ‚
1601 1738 1689 1770 tum
1716 1729 1833 1771 deni·

477 1801 561 1854 que
596 1799 791 1842 victurus
824 1810 951 1842 esset.
989 1799 1118 1855 Quod
1152 1799 1323 1853 quidem
1358 1799 1401 1842 ni
1426 1800 1483 1841 ita
1512 1812 1557 1841 se
1586 1799 1758 1841 haberet
1787 1808 1835 1841 ut

475 1869 603 1913 animi
631 1869 888 1911 immortales
918 1879 1089 1920 essent,
1115 1870 1227 1912 haud
1256 1869 1408 1924 optimi
1440 1870 1649 1924 cujusque
1670 1869 1835 1912 animus

476 1940 654 1984 maxime
685 1940 736 1982 ad
767 1939 1094 1983 immortalitatis
1124 1939 1300 1994 gloriam
1332 1940 1553 1983 niteretur.

530 2057 677 2112 Quid,
703 2058 821 2111 quod
844 2057 1182 2112 sapientissimus
1213 2058 1395 2112 quisque
1421 2054 1667 2112 aequissimo
1694 2046 1836 2101 animo

475 2129 658 2172 moritur
681 2160 695 2180 ‚
727 2129 1008 2171 stultissimus
1037 2128 1307 2182 iniquissimo
1329 2128 1350 2169 *ἓ
1383 2129 1541 2171 Nonne
1569 2127 1692 2170 vobis
1717 2128 1835 2170 vide-

475 2211 548 2242 tur
576 2199 741 2241 animus
770 2199 805 2241 is
825 2230 840 2252 ‚
868 2198 942 2252 qui
972 2199 1068 2253 plus
1104 2207 1246 2241 cernat
1270 2229 1284 2250 ,
1313 2208 1354 2240 et
1385 2197 1586 2251 longisss,
1607 2193 1757 2238 'videre
1786 2209 1836 2239 se

476 2273 528 2315 ad
566 2270 738 2314 meliora
776 2269 1031 2325 proficisci:
1070 2269 1141 2312 ille
1179 2279 1317 2312 autem
1343 2301 1358 2323 ‚
1397 2269 1528 2324 cujus,¹
1544 2267 1741 2312 obtusior
1777 2268 1835 2311 sit
1887 2287 1901 2293 ,.

476 2343 588 2386 acies
610 2373 624 2395 ,
660 2355 746 2385 non
781 2341 957 2384 videre?
978 2340 1189 2395 Equidem
1218 2341 1369 2383 efferor
1401 2339 1546 2382 studio
1571 2348 1711 2394 patres
1739 2352 1837 2382 ves-

477 2422 568 2455 tros
589 2444 604 2465 ‚
636 2425 745 2466 quos
781 2411 896 2455 colui
928 2421 969 2454 et
998 2411 1166 2464 dilexi,
1197 2411 1368 2454 videndi
1395 2423 1406 2452 :
1443 2423 1578 2465 neque
1614 2411 1714 2453 vero
1756 2423 1831 2454 eos

477 2486 617 2527 solnm
653 2485 881 2528 convenire
919 2498 1022 2527 aveo
1045 2516 1060 2537 ‚
1098 2497 1209 2539 quos
1244 2483 1334 2538 ipse
1367 2484 1589 2539 cognovi3
1625 2484 1699 2526 sed
1734 2484 1831 2526 illos

478 2556 601 2600 etiam
635 2556 684 2600 de
716 2555 873 2611 quibus
901 2555 1080 2612 audivi,
1111 2565 1152 2600 et
1190 2554 1272 2610 legi
1303 2585 1318 2610 ,
1358 2564 1402 2598 etv
1440 2555 1530 2610 ipse
1573 2553 1828 2610 conscripsi.
